{"topic": "SPOT_BTC_USDT@orderbook", "ts": 1727922902476, "data": {"symbol": "SPOT_BTC_USDT", "asks": [[61168.23, 0.59296], [61168.24, 0.183296], [61168.72, 0.0001], [61168.82, 0.16335], [61168.92, 10.46357], [61169.08, 0.0001], [61169.14, 0.107185], [61169.62, 0.0001], [61169.63, 0.0001], [61169.82, 0.11075], [61170.23, 0.2451], [61170.24, 0.283306], [61170.41, 0.07077], [61170.72, 0.0001], [61170.74, 0.088375], [61170.84, 0.015995], [61170.92, 0.13909], [61170.95, 0.00023], [61171.02, 0.00573], [61171.23, 9e-05], [61171.24, 0.218754], [61171.34, 1.5e-05], [61171.54, 0.129596], [61171.62, 0.08963], [61171.82, 0.00284], [61171.83, 9e-05], [61171.84, 0.31252], [61172.02, 0.00132], [61172.14, 0.3646], [61172.15, 0.01513], [61172.18, 0.03271], [61172.22, 0.18697], [61172.24, 0.183199], [61172.52, 0.05], [61172.54, 0.245624], [61172.72, 0.0001], [61172.79, 9e-05], [61172.85, 0.58793], [61173.1, 0.15857], [61173.34, 3e-06], [61173.42, 0.00034], [61173.44, 0.018497], [61173.52, 0.08186], [61173.56, 0.07165], [61173.62, 8.68539], [61173.66, 0.09174], [61173.72, 0.05119], [61173.74, 0.441], [61173.76, 9e-05], [61173.8, 0.00032], [61173.84, 0.015989], [61174.04, 0.000483], [61174.12, 0.00573], [61174.14, 0.917325], [61174.22, 0.3273], [61174.24, 0.183198], [61174.61, 0.002], [61174.62, 0.90033], [61174.64, 0.096344], [61174.72, 0.0001], [61174.73, 0.001], [61174.74, 0.1708], [61174.79, 0.00039], [61174.82, 0.16335], [61174.96, 0.04689], [61175.02, 8.18651], [61175.22, 0.23052], [61175.34, 0.552307], [61175.42, 0.0993], [61175.52, 0.01317], [61175.58, 0.96719], [61175.64, 0.19245], [61175.75, 0.56], [61175.82, 9e-05], [61175.83, 0.0002], [61175.92, 0.11769], [61176.02, 0.09767], [61176.22, 0.06539], [61176.24, 0.183199], [61176.25, 0.0001], [61176.34, 0.547893], [61176.48, 0.00037], [61176.49, 0.01], [61176.52, 0.14856], [61176.72, 0.0001], [61176.82, 0.0015], [61176.86, 0.00032], [61177.04, 0.008177], [61177.05, 0.00013], [61177.1, 0.49059], [61177.14, 0.00039], [61177.22, 0.00573], [61177.44, 0.412616], [61177.47, 0.5451], [61177.54, 0.4906], [61177.56, 0.5451], [61177.62, 0.001], [61177.64, 0.04], [61177.84, 0.019999], [61177.94, 0.034499]], "bids": [[61143.74, 5.18052], [61143.28, 0.00573], [61143.22, 1.1075], [61143.2, 0.03671], [61143.19, 0.07], [61142.98, 0.02677], [61142.88, 0.3273], [61142.82, 0.5926], [61142.81, 0.9008], [61142.75, 0.5292], [61142.68, 0.09459], [61142.58, 0.0001], [61142.57, 0.4126], [61142.48, 0.0001], [61142.38, 0.0001], [61142.37, 0.1146], [61142.26, 0.00034], [61142.08, 0.09607], [61141.87, 0.1262], [61141.77, 0.93983], [61141.76, 0.0774], [61141.75, 1.39163], [61141.74, 0.24562], [61141.66, 0.254039], [61141.58, 0.11526], [61141.28, 0.06858], [61141.26, 0.001588], [61141.06, 0.036333], [61140.96, 0.335575], [61140.86, 0.049081], [61140.48, 0.0001], [61140.38, 0.05119], [61140.18, 0.00573], [61139.76, 0.941], [61139.75, 0.1262], [61139.65, 0.44537], [61139.56, 1.211243], [61139.38, 0.09109], [61138.97, 0.1262], [61138.8, 0.00017], [61138.79, 0.87433], [61138.78, 0.2454], [61138.76, 0.055083], [61138.75, 0.04], [61138.58, 0.08186], [61138.48, 0.0001], [61138.38, 0.10752], [61138.27, 0.40883], [61137.96, 0.163698], [61137.88, 0.08253], [61137.86, 0.601928], [61137.78, 0.11722], [61137.77, 0.1548], [61137.76, 0.61745], [61137.75, 0.62562], [61137.53, 0.04908], [61137.26, 0.04908], [61137.25, 0.001], [61137.08, 0.00573], [61136.77, 0.686404], [61136.76, 0.24], [61136.7, 0.00034], [61136.67, 0.163552], [61136.57, 0.600929], [61136.48, 0.0001], [61136.37, 0.011], [61136.27, 0.130799], [61136.26, 0.32], [61136.13, 0.32706], [61135.98, 0.16335], [61135.88, 3.1372], [61135.77, 0.2734], [61135.57, 1.22754], [61135.56, 1.14596], [61135.51, 0.0628], [61135.48, 0.30842], [61135.47, 0.247028], [61135.27, 0.171769], [61134.92, 0.05726], [61134.86, 0.00804], [61134.75, 0.04908], [61134.62, 0.6869], [61134.48, 0.0001], [61134.38, 0.1075], [61134.28, 0.13909], [61134.16, 0.06928], [61134.14, 9e-05], [61134.08, 0.11251], [61134.07, 0.088325], [61134.05, 0.00032], [61133.98, 0.14755], [61133.87, 0.176542], [61133.77, 0.183191], [61133.75, 0.40883], [61133.68, 0.3273], [61133.67, 0.069091], [61133.64, 0.00037], [61133.57, 1.5e-05], [61133.43, 0.1834], [61133.28, 0.5451]]}}
{"topic": "SPOT_BTC_USDT@orderbook", "ts": 1727922903046, "data": {"symbol": "SPOT_BTC_USDT", "asks": [[61166.25, 5.67581], [61166.26, 0.16775], [61166.32, 0.12914], [61166.72, 0.08187], [61166.74, 0.000587], [61166.75, 4.56695], [61166.82, 0.08186], [61167.24, 0.001189], [61167.32, 0.07225], [61167.52, 4.82268], [61167.58, 0.31809], [61167.59, 0.0634], [61167.7, 2.10772], [61167.71, 0.13742], [61167.74, 0.1309], [61167.82, 0.09467], [61167.92, 0.00573], [61168.02, 0.3273], [61168.23, 0.66442], [61168.24, 0.183296], [61168.72, 0.0001], [61168.79, 0.19255], [61168.82, 0.16335], [61168.92, 10.46357], [61169.04, 0.011151], [61169.07, 0.01403], [61169.14, 0.152655], [61169.4, 0.00017], [61169.44, 0.163521], [61169.82, 0.11075], [61169.99, 0.0001], [61170.04, 0.09277], [61170.23, 0.33693], [61170.24, 0.183205], [61170.41, 0.07067], [61170.44, 0.03271], [61170.72, 0.0001], [61170.74, 0.088275], [61170.84, 0.015995], [61170.92, 0.13909], [61170.95, 0.00013], [61171.02, 0.00573], [61171.24, 0.218753], [61171.34, 1.4e-05], [61171.54, 0.129596], [61171.62, 0.08963], [61171.82, 0.00284], [61171.84, 0.31252], [61172.02, 0.00132], [61172.14, 0.952486], [61172.15, 0.01513], [61172.18, 0.03271], [61172.22, 0.18697], [61172.24, 0.183199], [61172.34, 0.034246], [61172.54, 0.245624], [61172.72, 0.0001], [61172.79, 9e-05], [61172.85, 0.58793], [61173.1, 0.15857], [61173.34, 3e-06], [61173.42, 0.00034], [61173.44, 0.182147], [61173.52, 0.08186], [61173.56, 0.07165], [61173.62, 8.68539], [61173.64, 1.0], [61173.72, 0.05119], [61173.74, 0.441], [61173.76, 9e-05], [61173.8, 0.00032], [61173.84, 0.015988], [61173.92, 0.08175], [61173.94, 0.02], [61174.04, 0.000483], [61174.12, 0.00573], [61174.14, 0.906172], [61174.22, 0.3273], [61174.24, 0.183198], [61174.34, 0.49055], [61174.61, 0.002], [61174.62, 0.90033], [61174.64, 0.136012], [61174.72, 0.0001], [61174.73, 0.001], [61174.74, 0.66139], [61174.82, 0.16335], [61175.02, 8.18651], [61175.22, 0.23052], [61175.24, 0.327113], [61175.34, 0.124069], [61175.42, 0.0993], [61175.52, 0.01317], [61175.58, 0.96719], [61175.75, 0.56], [61175.82, 9e-05], [61175.92, 0.11769], [61175.94, 0.399265], [61176.02, 0.09767], [61176.04, 0.36876]], "bids": [[61141.76, 0.95815], [61141.28, 0.06858], [61140.48, 0.0001], [61140.38, 0.05119], [61140.18, 0.00573], [61139.76, 0.6694], [61139.75, 0.0628], [61139.65, 0.0669], [61139.36, 0.020804], [61138.97, 0.1262], [61138.8, 0.00017], [61138.79, 0.57552], [61138.58, 0.08186], [61138.48, 0.0001], [61138.38, 0.10752], [61137.88, 0.08253], [61137.78, 0.11722], [61137.77, 0.0774], [61137.76, 0.1262], [61137.75, 0.1272], [61137.25, 0.001], [61137.11, 0.00013], [61137.08, 0.00573], [61136.7, 0.00034], [61136.67, 7e-06], [61136.48, 0.0001], [61136.37, 0.010999], [61136.27, 0.130798], [61136.13, 0.32706], [61135.98, 0.16335], [61135.88, 3.1372], [61135.87, 0.02322], [61135.83, 0.00039], [61135.78, 0.00039], [61135.77, 0.196], [61135.57, 0.8783], [61135.51, 0.0628], [61135.48, 0.30842], [61135.47, 0.001628], [61134.92, 0.05726], [61134.86, 0.00804], [61134.76, 0.12], [61134.62, 0.6869], [61134.48, 0.0001], [61134.38, 0.1075], [61134.28, 0.13909], [61134.16, 0.06928], [61134.14, 9e-05], [61134.08, 0.11251], [61134.05, 0.00032], [61133.98, 0.14755], [61133.87, 0.059923], [61133.77, 0.18319], [61133.68, 0.3273], [61133.67, 0.020009], [61133.64, 0.00037], [61133.57, 1.4e-05], [61133.28, 0.5451], [61133.21, 0.04435], [61133.08, 0.08177], [61132.86, 0.16], [61132.77, 0.130799], [61132.76, 0.32], [61132.69, 0.00017], [61132.65, 0.72539], [61132.62, 0.14746], [61132.61, 0.05], [61132.57, 0.163554], [61132.48, 0.0001], [61132.07, 0.123697], [61131.97, 0.163698], [61131.88, 13.16742], [61131.78, 0.003], [61131.77, 0.183196], [61131.41, 0.002], [61131.4, 0.05726], [61131.39, 0.0002], [61131.36, 0.06931], [61131.01, 0.00026], [61131.0, 0.00032], [61130.88, 0.00573], [61130.67, 0.003099], [61130.57, 0.001613], [61130.49, 0.09109], [61130.48, 0.08196], [61130.31, 0.00038], [61130.07, 0.049081], [61129.93, 0.49059], [61129.87, 0.04], [61129.78, 3.16049], [61129.77, 0.183186], [61129.63, 1.14596], [61129.62, 0.55621], [61129.52, 0.00041], [61129.47, 0.09016], [61129.27, 0.130798], [61129.07, 0.282884], [61128.87, 0.686899], [61128.48, 0.0001], [61128.35, 0.008]]}}
{"topic": "SPOT_BTC_USDT@orderbook", "ts": 1727922903475, "data": {"symbol": "SPOT_BTC_USDT", "asks": [[61166.25, 6.12385], [61166.26, 0.5293], [61166.32, 0.12914], [61166.59, 0.86769], [61166.6, 0.0001], [61166.61, 0.0001], [61166.62, 0.0001], [61166.63, 0.0635], [61166.72, 0.08187], [61166.74, 0.001307], [61166.75, 0.85635], [61166.82, 0.08186], [61167.24, 9e-06], [61167.32, 0.07225], [61167.48, 0.04174], [61167.52, 4.82268], [61167.59, 0.0634], [61167.7, 0.09174], [61167.71, 0.13722], [61167.74, 0.1308], [61167.82, 0.09467], [61167.92, 0.00573], [61168.02, 0.3273], [61168.23, 0.5383], [61168.24, 0.183196], [61168.3, 0.40883], [61168.72, 0.0001], [61168.79, 0.19245], [61168.82, 0.16335], [61168.92, 10.46357], [61169.04, 0.011151], [61169.07, 0.01403], [61169.14, 0.294136], [61169.4, 0.00017], [61169.44, 0.163521], [61169.82, 0.11075], [61169.84, 0.004827], [61170.11, 0.16354], [61170.23, 0.37135], [61170.24, 0.183205], [61170.41, 0.07067], [61170.44, 0.03271], [61170.63, 0.23052], [61170.72, 0.0001], [61170.74, 0.088275], [61170.84, 0.015995], [61170.92, 0.13909], [61170.95, 0.00013], [61171.02, 0.00573], [61171.24, 0.313012], [61171.34, 1.3e-05], [61171.54, 0.087956], [61171.62, 0.08963], [61171.82, 0.00284], [61171.84, 0.31252], [61171.92, 0.40883], [61171.94, 0.49055], [61172.02, 0.00132], [61172.14, 0.990008], [61172.15, 0.01513], [61172.18, 0.03271], [61172.22, 0.18697], [61172.24, 0.183199], [61172.34, 0.034246], [61172.54, 0.245624], [61172.72, 0.0001], [61172.76, 0.001], [61172.79, 9e-05], [61172.85, 0.58793], [61173.1, 0.15857], [61173.34, 3e-06], [61173.42, 0.00034], [61173.44, 0.182147], [61173.52, 0.08186], [61173.56, 0.07165], [61173.62, 8.68539], [61173.64, 1.0], [61173.72, 0.05119], [61173.74, 0.441], [61173.76, 9e-05], [61173.8, 0.00032], [61173.84, 0.015988], [61173.92, 0.08175], [61173.94, 0.02], [61174.04, 0.000483], [61174.12, 0.00573], [61174.14, 0.906172], [61174.22, 0.3273], [61174.24, 0.183198], [61174.34, 0.511101], [61174.61, 0.002], [61174.62, 0.90033], [61174.72, 0.0001], [61174.74, 0.66139], [61174.82, 0.16335], [61175.02, 8.18651], [61175.15, 0.06164], [61175.22, 0.11526], [61175.24, 0.47939], [61175.34, 0.124069]], "bids": [[61141.76, 0.91478], [61141.55, 0.40146], [61141.54, 0.41259], [61141.28, 0.06858], [61140.48, 0.0001], [61140.38, 0.05119], [61140.18, 0.00573], [61139.76, 0.6694], [61139.75, 0.0628], [61139.65, 0.0628], [61139.36, 0.020014], [61138.97, 0.1262], [61138.8, 0.00017], [61138.79, 0.29608], [61138.58, 0.08186], [61138.48, 0.0001], [61138.38, 0.10752], [61138.06, 0.412599], [61137.88, 0.08253], [61137.78, 0.11722], [61137.77, 0.0774], [61137.76, 0.1262], [61137.75, 0.1272], [61137.11, 0.00013], [61137.08, 0.00573], [61136.7, 0.00034], [61136.67, 7e-06], [61136.48, 0.0001], [61136.37, 0.010999], [61136.27, 0.130798], [61136.13, 0.32706], [61135.98, 0.16335], [61135.88, 3.1372], [61135.83, 0.00039], [61135.78, 0.00039], [61135.77, 0.196], [61135.57, 0.8783], [61135.51, 0.0628], [61135.48, 0.30842], [61135.47, 0.001628], [61135.27, 0.001], [61134.92, 0.05726], [61134.86, 0.00804], [61134.76, 0.12], [61134.62, 0.6869], [61134.48, 0.0001], [61134.38, 0.1075], [61134.28, 0.13909], [61134.16, 0.06928], [61134.14, 9e-05], [61134.08, 0.11251], [61134.05, 0.00032], [61133.98, 0.14755], [61133.87, 0.059923], [61133.77, 0.20319], [61133.68, 0.3273], [61133.67, 0.036338], [61133.64, 0.00037], [61133.57, 1.4e-05], [61133.28, 0.5451], [61133.21, 0.04435], [61133.08, 0.08177], [61132.86, 0.16], [61132.77, 0.130799], [61132.76, 0.32], [61132.69, 0.00017], [61132.65, 0.72539], [61132.62, 0.14746], [61132.61, 0.05], [61132.57, 0.163554], [61132.48, 0.0001], [61132.41, 0.23052], [61132.07, 0.123697], [61131.97, 0.163698], [61131.88, 13.16742], [61131.78, 0.003], [61131.77, 0.183196], [61131.41, 0.002], [61131.4, 0.05726], [61131.39, 0.0002], [61131.36, 0.06931], [61131.01, 0.00026], [61131.0, 0.00032], [61130.88, 0.00573], [61130.67, 0.094398], [61130.57, 0.001613], [61130.49, 0.09109], [61130.48, 0.08196], [61130.31, 0.00038], [61130.07, 0.049081], [61129.93, 0.49059], [61129.87, 0.04], [61129.78, 3.16049], [61129.77, 0.183186], [61129.63, 1.14596], [61129.62, 0.55621], [61129.52, 0.00041], [61129.27, 0.130798], [61129.11, 0.40883], [61129.07, 0.282884]]}}
{"topic": "SPOT_BTC_USDT@orderbook", "ts": 1727922904037, "data": {"symbol": "SPOT_BTC_USDT", "asks": [[61166.25, 6.1269], [61166.26, 0.5293], [61166.32, 0.12914], [61166.44, 0.008837], [61166.59, 0.86769], [61166.6, 0.0001], [61166.61, 0.0001], [61166.62, 0.0001], [61166.63, 0.0635], [61166.72, 0.08187], [61166.74, 0.001307], [61166.75, 0.85635], [61166.82, 0.08186], [61167.24, 9e-06], [61167.32, 0.07225], [61167.48, 0.04174], [61167.52, 4.82268], [61167.54, 0.001566], [61167.59, 0.0634], [61167.7, 0.09174], [61167.71, 0.13722], [61167.74, 0.1308], [61167.82, 0.09467], [61167.92, 0.00573], [61168.02, 0.3273], [61168.14, 0.011151], [61168.23, 0.5383], [61168.24, 0.183196], [61168.3, 0.40883], [61168.64, 0.000148], [61168.72, 0.0001], [61168.79, 0.19245], [61168.82, 0.16335], [61168.92, 10.46357], [61169.07, 0.01403], [61169.14, 0.294136], [61169.4, 0.01317], [61169.44, 0.163521], [61169.82, 0.11075], [61170.11, 0.16354], [61170.23, 0.37135], [61170.24, 0.183205], [61170.41, 0.07067], [61170.44, 0.03271], [61170.54, 0.099029], [61170.63, 0.23052], [61170.72, 0.0001], [61170.74, 0.088275], [61170.84, 0.015995], [61170.92, 0.13909], [61170.95, 0.00013], [61171.02, 0.00573], [61171.24, 0.218752], [61171.34, 1.3e-05], [61171.54, 0.087956], [61171.62, 0.08963], [61171.82, 0.00284], [61171.84, 0.41252], [61171.92, 0.40883], [61171.94, 0.49055], [61172.02, 0.00132], [61172.14, 0.990008], [61172.15, 0.01513], [61172.18, 0.03271], [61172.22, 0.18697], [61172.24, 0.183199], [61172.54, 0.245624], [61172.72, 0.0001], [61172.76, 0.001], [61172.79, 9e-05], [61172.85, 0.58793], [61173.1, 0.15857], [61173.34, 3e-06], [61173.42, 0.00034], [61173.44, 0.182147], [61173.52, 0.08186], [61173.56, 0.07165], [61173.62, 8.68539], [61173.72, 0.05119], [61173.74, 0.441], [61173.76, 9e-05], [61173.8, 0.00032], [61173.84, 0.015988], [61173.92, 0.08175], [61173.94, 0.02], [61174.04, 0.000483], [61174.12, 0.00573], [61174.14, 0.906172], [61174.22, 0.3273], [61174.24, 0.183198], [61174.34, 0.511101], [61174.44, 0.012589], [61174.61, 0.002], [61174.62, 0.90033], [61174.64, 1.0], [61174.72, 0.0001], [61174.74, 0.66139], [61174.82, 0.16335], [61175.02, 8.18651], [61175.04, 0.138061]], "bids": [[61141.76, 1.44398], [61141.55, 0.40146], [61141.54, 0.41259], [61141.28, 0.06858], [61140.48, 0.0001], [61140.38, 0.05119], [61140.18, 0.00573], [61139.76, 0.6774], [61139.75, 0.0628], [61139.65, 0.0628], [61138.97, 0.1262], [61138.8, 0.00017], [61138.79, 0.29608], [61138.58, 0.08186], [61138.48, 0.0001], [61138.38, 0.10752], [61138.06, 0.428599], [61137.88, 0.08253], [61137.78, 0.11722], [61137.77, 0.0854], [61137.76, 0.1262], [61137.75, 0.1272], [61137.47, 0.036335], [61137.11, 0.00013], [61137.08, 0.00573], [61137.0, 0.11526], [61136.87, 0.003089], [61136.7, 0.00034], [61136.67, 7e-06], [61136.48, 0.0001], [61136.37, 0.010999], [61136.27, 0.130798], [61136.13, 0.32706], [61135.98, 0.16335], [61135.88, 3.1372], [61135.83, 0.00039], [61135.78, 0.00039], [61135.77, 0.204], [61135.57, 0.8783], [61135.51, 0.0628], [61135.48, 0.30842], [61135.47, 0.001628], [61135.27, 0.001], [61134.92, 0.05726], [61134.86, 0.00804], [61134.76, 0.12], [61134.62, 0.6869], [61134.48, 0.0001], [61134.38, 0.1075], [61134.28, 0.13909], [61134.16, 0.06928], [61134.14, 9e-05], [61134.08, 0.11251], [61134.05, 0.00032], [61133.98, 0.14755], [61133.87, 0.059923], [61133.77, 0.20319], [61133.68, 0.3273], [61133.67, 0.016338], [61133.64, 0.00037], [61133.57, 1.4e-05], [61133.28, 0.5451], [61133.21, 0.04435], [61133.08, 0.08177], [61132.86, 0.16], [61132.77, 0.130799], [61132.76, 0.32], [61132.69, 0.00017], [61132.65, 0.72539], [61132.62, 0.14746], [61132.61, 0.05], [61132.57, 0.163554], [61132.48, 0.0001], [61132.41, 0.23052], [61132.07, 0.265901], [61131.97, 0.163698], [61131.88, 13.16742], [61131.87, 0.441], [61131.78, 0.003], [61131.77, 0.183196], [61131.41, 0.002], [61131.4, 0.05726], [61131.39, 0.0002], [61131.36, 0.06931], [61131.01, 0.00026], [61131.0, 0.00032], [61130.88, 0.00573], [61130.57, 0.001613], [61130.49, 0.09109], [61130.48, 0.08196], [61130.31, 0.00038], [61130.07, 0.049081], [61129.97, 0.087656], [61129.93, 0.49059], [61129.87, 0.04], [61129.78, 3.16049], [61129.77, 0.183186], [61129.63, 1.14596], [61129.62, 0.55621], [61129.52, 0.00041]]}}
{"topic": "SPOT_BTC_USDT@orderbook", "ts": 1727922904482, "data": {"symbol": "SPOT_BTC_USDT", "asks": [[61162.26, 3.98263], [61162.64, 0.031441], [61162.92, 0.04186], [61163.28, 0.00057], [61163.84, 0.071443], [61163.94, 0.071081], [61164.22, 1.08375], [61164.23, 0.0001], [61164.24, 0.2857], [61164.25, 0.69983], [61164.44, 0.011151], [61164.83, 0.07023], [61165.03, 0.0001], [61165.04, 0.5293], [61165.18, 0.12], [61165.24, 1.5e-05], [61165.32, 0.05], [61165.64, 0.015998], [61165.74, 0.01636], [61165.92, 0.0634], [61165.94, 0.057284], [61166.04, 0.435306], [61166.14, 0.245624], [61166.24, 0.735817], [61166.25, 0.67747], [61166.34, 0.099364], [61166.59, 0.19348], [61166.74, 0.001207], [61167.08, 0.16], [61167.24, 9e-06], [61167.54, 0.001566], [61167.71, 0.13722], [61167.74, 0.1308], [61168.14, 0.04], [61168.23, 0.00017], [61168.24, 0.183195], [61168.38, 0.00034], [61168.64, 0.000148], [61168.76, 0.001], [61168.78, 0.32], [61168.79, 0.19245], [61169.14, 0.602751], [61169.4, 0.01317], [61169.76, 9e-05], [61170.04, 0.49061], [61170.11, 0.16354], [61170.23, 0.54598], [61170.24, 0.204372], [61170.34, 0.163518], [61170.41, 0.07067], [61170.74, 0.088275], [61170.84, 0.158647], [61170.86, 0.49059], [61170.88, 0.12711], [61170.95, 0.00013], [61171.04, 0.008176], [61171.14, 0.03271], [61171.24, 0.709352], [61171.34, 0.412612], [61171.44, 0.00037], [61171.5, 0.41259], [61171.54, 0.087955], [61171.74, 0.00483], [61171.84, 0.31252], [61172.04, 0.009316], [61172.14, 0.364596], [61172.15, 0.01513], [61172.18, 0.03271], [61172.24, 0.346849], [61172.42, 0.1699], [61172.54, 0.245624], [61172.79, 9e-05], [61172.85, 0.86078], [61173.26, 0.5451], [61173.32, 0.5451], [61173.34, 3e-06], [61173.44, 0.018497], [61173.56, 0.07165], [61173.74, 0.441], [61173.76, 9e-05], [61173.8, 0.00032], [61173.84, 0.015988], [61173.92, 0.08175], [61173.94, 0.02], [61174.04, 0.000483], [61174.14, 0.906172], [61174.21, 0.32706], [61174.24, 0.183198], [61174.61, 0.002], [61174.74, 0.62139], [61175.24, 0.338809], [61175.34, 0.124069], [61175.52, 0.01317], [61175.56, 0.47746], [61175.82, 9e-05], [61175.94, 0.019999], [61175.96, 0.01], [61176.04, 0.38876], [61176.24, 0.183199], [61176.25, 0.0001]], "bids": [[61137.77, 3.68579], [61137.75, 0.001], [61137.71, 0.15886], [61137.7, 0.41259], [61137.11, 0.00013], [61136.27, 0.1308], [61135.77, 0.0894], [61135.57, 0.34298], [61135.51, 0.0628], [61135.48, 0.0628], [61135.47, 0.001628], [61134.92, 0.05726], [61134.86, 0.00804], [61134.62, 0.6869], [61134.16, 0.06928], [61134.14, 9e-05], [61134.05, 0.00032], [61133.77, 0.10579], [61133.21, 0.04435], [61132.77, 0.130799], [61132.69, 0.00017], [61132.67, 1.024068], [61132.65, 0.28711], [61132.62, 0.14746], [61132.27, 0.257062], [61132.17, 0.576154], [61132.15, 0.32706], [61131.77, 0.183196], [61131.66, 0.00034], [61131.41, 0.002], [61131.4, 0.05726], [61131.39, 0.0002], [61131.36, 0.06931], [61131.28, 0.001], [61131.01, 0.00026], [61131.0, 0.00032], [61130.57, 0.001613], [61130.49, 0.09109], [61130.02, 0.05], [61129.77, 0.183186], [61129.62, 0.96131], [61129.61, 0.5451], [61129.52, 0.00041], [61129.47, 0.02], [61129.37, 0.016241], [61129.27, 0.130798], [61129.17, 0.163698], [61129.07, 0.282884], [61128.88, 0.00039], [61128.87, 0.686899], [61128.6, 0.00037], [61128.32, 0.0004], [61128.17, 0.011], [61128.12, 0.0082], [61128.05, 0.05657], [61128.02, 9e-05], [61127.94, 0.00032], [61127.93, 0.03268], [61127.92, 0.28], [61127.77, 0.138503], [61127.67, 0.130796], [61127.57, 5e-06], [61127.49, 0.1834], [61127.47, 1.5e-05], [61127.37, 5.9e-05], [61127.34, 0.0001], [61127.27, 0.0125], [61127.22, 0.32], [61127.14, 0.00038], [61126.93, 1.14596], [61126.92, 0.49125], [61126.91, 0.54548], [61126.83, 0.055], [61126.57, 0.000163], [61126.09, 0.4628], [61126.04, 0.54548], [61125.87, 0.339847], [61125.83, 0.05726], [61125.77, 0.695655], [61125.76, 0.001], [61124.97, 0.04], [61124.91, 0.00013], [61124.88, 0.00032], [61124.77, 0.04908], [61124.48, 0.0004], [61124.47, 0.24563], [61124.37, 0.440998], [61124.0, 0.06018], [61123.77, 0.028392], [61123.48, 0.32715], [61123.27, 0.49062], [61123.26, 0.03272], [61123.24, 0.12526], [61123.0, 0.0713], [61122.97, 0.01], [61122.93, 0.49059], [61122.67, 0.003271], [61122.57, 0.075414], [61122.47, 0.055083], [61122.36, 0.0004]]}}
{"topic": "SPOT_BTC_USDT@orderbook", "ts": 1727922905032, "data": {"symbol": "SPOT_BTC_USDT", "asks": [[61162.26, 4.5913], [61162.64, 0.031441], [61162.86, 0.05], [61162.92, 0.04186], [61163.24, 0.126013], [61163.28, 0.00027], [61163.34, 0.1], [61163.94, 0.071081], [61164.14, 1e-05], [61164.2, 0.97918], [61164.21, 0.0001], [61164.22, 0.0001], [61164.23, 0.0001], [61164.24, 0.2857], [61164.25, 0.60819], [61164.86, 0.06964], [61165.04, 0.5292], [61165.18, 0.12], [61165.24, 1.5e-05], [61165.64, 0.015998], [61165.74, 0.097191], [61165.92, 0.0634], [61165.94, 0.057284], [61166.04, 0.435306], [61166.05, 0.23052], [61166.14, 0.245624], [61166.24, 0.735817], [61166.25, 0.56221], [61166.59, 0.43192], [61166.74, 0.001207], [61167.08, 0.16], [61167.24, 9e-06], [61167.71, 0.13722], [61167.74, 0.1308], [61168.14, 0.04], [61168.23, 0.00017], [61168.24, 0.183195], [61168.3, 0.40883], [61168.38, 0.00034], [61168.53, 0.09174], [61168.64, 0.000148], [61168.76, 0.001], [61168.78, 0.32], [61168.79, 0.19245], [61169.04, 0.01635], [61169.14, 0.602751], [61169.4, 0.01317], [61169.76, 9e-05], [61170.04, 0.49061], [61170.11, 0.16354], [61170.23, 0.54598], [61170.24, 0.204372], [61170.34, 0.299413], [61170.41, 0.07067], [61170.63, 0.11526], [61170.74, 0.088275], [61170.84, 0.015993], [61170.86, 0.49059], [61170.88, 0.12711], [61170.94, 0.16365], [61170.95, 0.00013], [61171.04, 0.008176], [61171.14, 0.032709], [61171.2, 0.0002], [61171.24, 0.709351], [61171.34, 0.412612], [61171.44, 0.00037], [61171.5, 0.41259], [61171.54, 0.087955], [61171.74, 0.00483], [61171.8, 0.00039], [61171.84, 0.31252], [61171.92, 0.40883], [61172.04, 0.009316], [61172.14, 0.697347], [61172.15, 0.01513], [61172.18, 0.03271], [61172.24, 0.183199], [61172.42, 0.1699], [61172.54, 0.245624], [61172.79, 9e-05], [61172.85, 0.86078], [61173.24, 0.001], [61173.26, 0.5451], [61173.32, 0.5451], [61173.34, 3e-06], [61173.44, 0.018497], [61173.56, 0.07165], [61173.74, 0.441], [61173.76, 9e-05], [61173.8, 0.00032], [61173.84, 0.015988], [61173.92, 0.08175], [61173.94, 0.02], [61174.04, 0.000483], [61174.14, 0.906172], [61174.21, 0.32706], [61174.24, 0.183698], [61174.54, 1.0], [61174.61, 0.002]], "bids": [[61137.77, 3.40498], [61137.75, 0.001], [61137.74, 0.00013], [61137.71, 0.15886], [61137.7, 0.41259], [61137.11, 0.00013], [61136.27, 0.1308], [61135.77, 0.0954], [61135.57, 0.34298], [61135.51, 0.0628], [61135.48, 0.0628], [61135.47, 0.001628], [61134.86, 0.00804], [61134.62, 0.6869], [61134.27, 0.09109], [61134.16, 0.06928], [61134.14, 9e-05], [61134.05, 0.00032], [61133.77, 0.10579], [61133.21, 0.04435], [61132.77, 0.130799], [61132.69, 0.00017], [61132.67, 0.379333], [61132.65, 0.28711], [61132.62, 0.14746], [61132.41, 0.11526], [61132.27, 0.257062], [61132.17, 0.576154], [61132.15, 0.32706], [61131.77, 0.183196], [61131.66, 0.00034], [61131.41, 0.002], [61131.36, 0.06931], [61131.28, 0.001], [61131.01, 0.00026], [61131.0, 0.00032], [61130.67, 0.001554], [61130.57, 0.008783], [61130.02, 0.05], [61129.77, 0.183186], [61129.62, 0.96131], [61129.61, 0.5451], [61129.6, 0.0002], [61129.52, 0.00041], [61129.47, 0.02], [61129.37, 0.016241], [61129.27, 0.130798], [61129.17, 0.163698], [61129.11, 0.40883], [61129.07, 0.282884], [61128.87, 0.686899], [61128.6, 0.00037], [61128.46, 0.00038], [61128.32, 0.0004], [61128.17, 0.011], [61128.12, 0.0082], [61128.05, 0.05657], [61128.02, 9e-05], [61127.97, 0.00039], [61127.94, 0.00032], [61127.93, 0.03268], [61127.92, 0.28], [61127.77, 0.138503], [61127.67, 0.130796], [61127.57, 5e-06], [61127.49, 0.1834], [61127.47, 1.5e-05], [61127.37, 5.9e-05], [61127.34, 0.0001], [61127.27, 0.0125], [61127.22, 0.32], [61127.14, 0.00038], [61126.93, 1.14596], [61126.92, 0.49125], [61126.91, 0.54548], [61126.83, 0.055], [61126.61, 0.12271], [61126.57, 0.000163], [61126.09, 0.34686], [61126.04, 0.54548], [61125.87, 0.339847], [61125.77, 0.597554], [61125.76, 0.001], [61125.17, 0.096656], [61124.97, 0.04], [61124.91, 0.00013], [61124.88, 0.00032], [61124.77, 0.04908], [61124.48, 0.0004], [61124.47, 0.24563], [61124.37, 0.440998], [61124.0, 0.06018], [61123.77, 0.028392], [61123.66, 0.40883], [61123.49, 0.54186], [61123.48, 0.32715], [61123.26, 0.03272], [61123.24, 0.12526], [61123.0, 0.0713], [61122.97, 0.01]]}}
{"topic": "SPOT_BTC_USDT@orderbook", "ts": 1727922905479, "data": {"symbol": "SPOT_BTC_USDT", "asks": [[61162.26, 4.6414], [61162.64, 0.031441], [61162.84, 0.0001], [61162.86, 0.0001], [61162.92, 0.04186], [61163.24, 0.080012], [61163.28, 0.00027], [61163.34, 0.1], [61163.94, 0.015997], [61164.14, 1e-05], [61164.2, 0.97918], [61164.21, 0.0001], [61164.22, 0.0001], [61164.23, 0.0001], [61164.24, 0.2857], [61164.25, 0.60809], [61164.86, 0.06954], [61165.04, 0.5292], [61165.18, 0.12], [61165.24, 1.5e-05], [61165.64, 0.015998], [61165.84, 0.099383], [61165.92, 0.0634], [61165.94, 0.057284], [61166.04, 0.435305], [61166.05, 0.23052], [61166.14, 0.245624], [61166.24, 0.735817], [61166.25, 0.56221], [61166.43, 0.16354], [61166.59, 0.43192], [61166.64, 0.07106], [61166.74, 0.001207], [61167.08, 0.16], [61167.24, 9e-06], [61167.64, 0.055083], [61167.71, 0.13722], [61167.74, 0.1308], [61168.14, 0.04], [61168.23, 7e-05], [61168.24, 0.183195], [61168.3, 0.40883], [61168.38, 0.00034], [61168.53, 0.09174], [61168.64, 0.000148], [61168.76, 0.001], [61168.78, 0.32], [61168.79, 0.19245], [61169.04, 0.01635], [61169.14, 0.602751], [61169.4, 0.01317], [61169.76, 9e-05], [61170.04, 0.49061], [61170.23, 0.54598], [61170.24, 0.204372], [61170.34, 0.163517], [61170.41, 0.07067], [61170.44, 0.137059], [61170.63, 0.11526], [61170.74, 0.088275], [61170.84, 0.015993], [61170.86, 0.49059], [61170.88, 0.12711], [61170.94, 0.16365], [61170.95, 0.00013], [61171.04, 0.008176], [61171.14, 0.032709], [61171.2, 0.0002], [61171.24, 0.709351], [61171.34, 0.412612], [61171.44, 0.00037], [61171.5, 0.41259], [61171.54, 0.087955], [61171.74, 0.00483], [61171.8, 0.00039], [61171.84, 0.31252], [61171.92, 0.40883], [61172.04, 0.009316], [61172.14, 0.697347], [61172.15, 0.01513], [61172.18, 0.03271], [61172.24, 0.183199], [61172.42, 0.1699], [61172.44, 0.02], [61172.54, 0.265624], [61172.79, 9e-05], [61172.85, 0.86078], [61173.24, 0.001], [61173.26, 0.5451], [61173.32, 0.5451], [61173.34, 3e-06], [61173.44, 1.018497], [61173.56, 0.07165], [61173.74, 0.441], [61173.76, 9e-05], [61173.8, 0.00032], [61173.84, 0.015988], [61173.92, 0.08175], [61173.94, 0.02], [61174.04, 0.000483]], "bids": [[61137.77, 3.38439], [61137.75, 0.001], [61137.74, 0.00013], [61137.71, 0.15886], [61137.7, 0.41259], [61137.11, 0.00013], [61136.27, 0.1308], [61135.77, 0.0956], [61135.57, 0.34298], [61135.51, 0.0628], [61135.48, 0.0628], [61135.47, 0.001628], [61134.86, 0.00804], [61134.62, 0.6869], [61134.27, 0.09109], [61134.16, 0.06928], [61134.14, 9e-05], [61134.05, 0.00032], [61133.77, 0.10579], [61133.21, 0.04435], [61132.77, 0.130799], [61132.69, 0.00017], [61132.67, 0.54758], [61132.65, 0.28711], [61132.62, 0.14746], [61132.41, 0.23052], [61132.27, 0.268936], [61132.17, 0.576154], [61132.15, 0.32706], [61131.77, 0.183196], [61131.66, 0.00034], [61131.41, 0.002], [61131.36, 0.06931], [61131.28, 0.001], [61131.01, 0.00026], [61131.0, 0.00032], [61130.67, 0.001554], [61130.57, 0.008783], [61130.02, 0.05], [61129.77, 0.183185], [61129.67, 0.016241], [61129.62, 0.96131], [61129.61, 0.5451], [61129.6, 0.0002], [61129.57, 0.016241], [61129.52, 0.00041], [61129.47, 0.122689], [61129.27, 0.130798], [61129.17, 0.163698], [61129.11, 0.40883], [61129.07, 0.282884], [61128.87, 0.686899], [61128.6, 0.00037], [61128.46, 0.00038], [61128.32, 0.0004], [61128.17, 0.011], [61128.12, 0.0082], [61128.05, 0.05657], [61128.02, 9e-05], [61127.97, 0.00039], [61127.94, 0.00032], [61127.93, 0.03268], [61127.92, 0.28], [61127.83, 0.11526], [61127.77, 0.138503], [61127.67, 0.130796], [61127.57, 5e-06], [61127.49, 0.1834], [61127.47, 1.5e-05], [61127.37, 5.9e-05], [61127.34, 0.0001], [61127.22, 0.32], [61127.14, 0.00038], [61126.93, 1.14596], [61126.92, 0.49125], [61126.91, 0.54548], [61126.83, 0.055], [61126.61, 0.12271], [61126.57, 0.000163], [61126.09, 0.34686], [61126.04, 0.54548], [61125.87, 0.339847], [61125.77, 0.597554], [61125.76, 0.001], [61125.27, 0.08754], [61124.97, 0.04], [61124.91, 0.00013], [61124.88, 0.00032], [61124.77, 0.04908], [61124.48, 0.0004], [61124.47, 0.24563], [61124.37, 0.440998], [61124.0, 0.06018], [61123.77, 0.028392], [61123.66, 0.40883], [61123.49, 0.54186], [61123.48, 0.32715], [61123.26, 0.03272], [61123.24, 0.24052], [61123.0, 0.0713]]}}
{"topic": "SPOT_BTC_USDT@orderbook", "ts": 1727922906033, "data": {"symbol": "SPOT_BTC_USDT", "asks": [[61160.24, 6.2537], [61160.55, 0.19245], [61160.61, 0.90481], [61160.62, 0.31819], [61160.63, 0.072337], [61160.67, 0.48], [61160.74, 0.32718], [61160.75, 0.5295], [61160.93, 0.011151], [61161.33, 0.0031], [61162.23, 0.1549], [61162.25, 0.7127], [61162.26, 0.86531], [61162.64, 0.119137], [61162.92, 0.04176], [61163.24, 0.080011], [61163.28, 0.00017], [61163.94, 0.015997], [61164.14, 1e-05], [61164.21, 0.44676], [61164.24, 0.2856], [61164.25, 0.01535], [61164.36, 0.00823], [61164.54, 0.03272], [61164.74, 0.001245], [61164.86, 0.06954], [61165.18, 0.12], [61165.24, 1.5e-05], [61165.64, 0.015998], [61165.94, 0.057284], [61166.04, 0.652101], [61166.05, 0.11526], [61166.14, 0.245624], [61166.24, 0.735817], [61166.25, 0.03301], [61166.43, 0.16354], [61166.59, 0.61264], [61166.64, 0.07106], [61166.74, 0.000131], [61166.75, 0.001], [61166.84, 0.021364], [61167.24, 0.149315], [61167.71, 0.13722], [61167.74, 0.1308], [61168.14, 0.04], [61168.23, 7e-05], [61168.24, 0.183195], [61168.38, 0.00034], [61168.54, 0.16365], [61168.64, 0.490788], [61168.77, 0.49125], [61169.08, 0.5451], [61169.12, 0.5451], [61169.14, 0.532692], [61169.4, 0.01317], [61169.54, 0.014723], [61169.64, 0.16516], [61169.76, 9e-05], [61170.04, 0.85356], [61170.05, 0.06164], [61170.14, 0.327141], [61170.16, 0.32706], [61170.22, 0.49803], [61170.24, 0.183203], [61170.41, 0.07067], [61170.74, 0.088275], [61170.84, 0.506623], [61170.86, 0.49059], [61170.88, 0.12711], [61170.95, 0.00013], [61171.24, 0.218751], [61171.34, 0.412612], [61171.44, 0.00037], [61171.5, 0.41259], [61171.54, 0.087955], [61171.74, 0.00483], [61171.84, 0.31252], [61172.14, 0.364595], [61172.15, 0.01513], [61172.18, 0.03271], [61172.24, 0.183199], [61172.54, 0.245624], [61172.64, 0.02], [61172.74, 0.02], [61172.79, 9e-05], [61172.85, 0.51022], [61173.03, 0.10488], [61173.04, 0.04678], [61173.24, 0.001], [61173.34, 3e-06], [61173.44, 0.018497], [61173.56, 0.07165], [61173.74, 0.441], [61173.76, 9e-05], [61173.8, 0.00032], [61173.84, 0.015988], [61173.92, 0.08175], [61174.04, 0.000483], [61174.14, 0.906172], [61174.24, 0.183698]], "bids": [[61135.77, 0.0956], [61135.73, 0.00038], [61134.62, 0.6869], [61134.14, 9e-05], [61134.05, 0.00032], [61133.77, 0.10579], [61133.21, 0.04435], [61132.77, 0.130799], [61132.69, 0.00017], [61132.65, 0.09844], [61131.77, 0.105796], [61131.66, 0.00034], [61131.41, 0.002], [61131.01, 0.00026], [61131.0, 0.00032], [61130.57, 0.027282], [61129.77, 0.183185], [61129.62, 0.96131], [61129.61, 0.5451], [61129.6, 0.0002], [61129.52, 0.00041], [61129.47, 0.412599], [61129.27, 0.131797], [61128.91, 0.07152], [61128.87, 0.686898], [61128.6, 0.00037], [61128.46, 0.00038], [61128.32, 0.0004], [61128.17, 0.083297], [61128.12, 0.0082], [61128.11, 0.32706], [61128.05, 0.05657], [61128.02, 9e-05], [61127.97, 0.00039], [61127.94, 0.00032], [61127.9, 0.00038], [61127.83, 0.11526], [61127.77, 0.138502], [61127.67, 0.130795], [61127.57, 5e-06], [61127.47, 1.5e-05], [61127.37, 5.9e-05], [61127.34, 0.0001], [61127.14, 0.00038], [61126.97, 0.02], [61126.92, 0.49125], [61126.91, 0.54548], [61126.83, 0.055], [61126.57, 0.000163], [61126.27, 0.05], [61126.09, 1.00213], [61126.04, 0.54548], [61125.87, 0.226647], [61125.82, 0.6], [61125.77, 0.597554], [61125.5, 0.09109], [61124.91, 0.00013], [61124.88, 0.00032], [61124.48, 0.0004], [61124.47, 5e-06], [61124.37, 0.441], [61124.0, 0.06018], [61123.97, 0.004913], [61123.77, 0.028391], [61123.67, 1.14596], [61123.66, 0.40883], [61123.49, 0.54186], [61123.48, 0.32715], [61123.26, 0.03272], [61123.24, 0.24052], [61123.0, 0.0713], [61122.97, 0.01], [61122.93, 0.49059], [61122.87, 0.04], [61122.57, 0.049132], [61122.36, 0.0004], [61122.27, 0.130792], [61122.07, 0.092257], [61121.9, 9e-05], [61121.83, 0.00032], [61121.77, 0.028468], [61121.76, 0.00041], [61121.6, 0.1834], [61121.53, 0.54548], [61121.47, 5e-06], [61121.37, 1.4e-05], [61121.17, 0.163697], [61120.45, 0.00017], [61120.28, 0.001], [61120.17, 0.003271], [61120.06, 0.56646], [61119.94, 0.40883], [61119.77, 0.028394], [61119.27, 0.387605], [61119.0, 0.001], [61118.81, 0.00013], [61118.77, 0.131119], [61118.67, 1e-05], [61118.57, 0.088953], [61118.37, 0.075086]]}}
{"topic": "SPOT_BTC_USDT@orderbook", "ts": 1727922906476, "data": {"symbol": "SPOT_BTC_USDT", "asks": [[61158.24, 7.46038], [61158.25, 0.96826], [61158.5, 0.00042], [61159.33, 0.12409], [61159.83, 0.055083], [61160.13, 0.269773], [61160.19, 0.27173], [61160.2, 0.0001], [61160.21, 0.60622], [61160.22, 0.0001], [61160.23, 0.1549], [61160.24, 0.79833], [61160.55, 0.19255], [61160.63, 0.072235], [61160.67, 0.48], [61160.73, 0.1308], [61160.75, 0.5292], [61160.93, 0.011151], [61161.23, 0.089577], [61161.33, 0.003099], [61161.93, 0.49066], [61162.13, 0.16354], [61162.23, 0.1548], [61162.25, 0.12], [61162.26, 0.33601], [61162.64, 0.031439], [61162.74, 0.004994], [61163.24, 0.473792], [61163.28, 0.01317], [61163.34, 0.412599], [61163.74, 0.16365], [61163.94, 0.015997], [61164.14, 1e-05], [61164.2, 0.01], [61164.21, 0.23558], [61164.24, 0.2856], [61164.36, 0.00823], [61164.38, 0.00033], [61164.54, 0.03272], [61164.74, 0.001245], [61164.84, 0.006546], [61164.85, 0.00013], [61164.86, 0.06954], [61165.18, 0.12], [61165.24, 1.3e-05], [61165.54, 0.327154], [61165.64, 1.015998], [61165.84, 0.141793], [61165.94, 0.057283], [61166.04, 0.6521], [61166.05, 0.23052], [61166.14, 0.265624], [61166.24, 0.735817], [61166.25, 0.03144], [61166.43, 0.16354], [61166.59, 0.61264], [61166.64, 0.43982], [61166.73, 9e-05], [61166.74, 0.000131], [61166.84, 0.021364], [61167.04, 0.498827], [61167.24, 7e-06], [61167.71, 0.13722], [61167.74, 0.1308], [61168.14, 0.039999], [61168.23, 7e-05], [61168.24, 0.183195], [61169.08, 0.5451], [61169.12, 0.5451], [61169.14, 0.331654], [61169.4, 0.01317], [61169.44, 0.034246], [61169.64, 0.14516], [61169.74, 0.66821], [61169.76, 9e-05], [61170.04, 0.85356], [61170.05, 0.06164], [61170.16, 0.32706], [61170.22, 0.49803], [61170.24, 0.184203], [61170.49, 0.00036], [61170.74, 0.088275], [61170.84, 0.015993], [61170.86, 0.49059], [61170.88, 0.12711], [61170.95, 0.00013], [61171.24, 0.219251], [61171.34, 1.3e-05], [61171.44, 0.00037], [61171.5, 0.41259], [61171.54, 0.087955], [61171.71, 0.0004], [61171.74, 0.00483], [61171.84, 0.31252], [61172.04, 0.163698], [61172.1, 0.00081], [61172.11, 0.23596], [61172.14, 0.874009], [61172.15, 0.01513], [61172.18, 0.03271]], "bids": [[61133.77, 0.02701], [61133.21, 0.04435], [61131.78, 0.18002], [61131.77, 0.105796], [61131.41, 0.002], [61131.09, 0.41259], [61131.01, 0.00026], [61131.0, 0.00032], [61130.57, 0.007145], [61129.77, 0.105785], [61129.62, 0.23224], [61129.27, 0.130797], [61128.6, 0.00037], [61128.46, 0.00038], [61128.32, 0.0004], [61128.17, 0.010999], [61128.12, 0.0082], [61128.11, 0.32706], [61128.05, 0.05657], [61128.02, 9e-05], [61127.97, 0.00039], [61127.94, 0.00032], [61127.9, 0.00038], [61127.77, 0.061102], [61127.67, 0.130795], [61127.66, 0.00033], [61127.57, 5e-06], [61127.37, 5.9e-05], [61127.34, 0.0001], [61127.28, 0.001], [61127.14, 0.00038], [61126.87, 0.412599], [61126.83, 0.055], [61126.57, 0.000163], [61126.48, 0.06906], [61126.27, 0.049999], [61126.1, 0.49125], [61126.09, 1.00213], [61125.82, 0.04], [61125.77, 0.520154], [61125.07, 0.016244], [61124.97, 0.016244], [61124.91, 0.00013], [61124.88, 0.00032], [61124.83, 0.008], [61124.82, 0.24], [61124.72, 0.32], [61124.6, 0.5451], [61124.48, 0.0004], [61124.47, 5e-06], [61124.07, 0.061073], [61124.0, 0.06018], [61123.97, 0.163576], [61123.77, 0.028391], [61123.67, 1.14596], [61123.49, 0.54186], [61123.48, 0.32715], [61123.26, 0.03272], [61123.24, 0.01], [61123.0, 0.0713], [61122.93, 0.49059], [61122.87, 0.04], [61122.57, 0.141797], [61122.36, 0.0004], [61122.27, 0.130792], [61121.9, 9e-05], [61121.83, 0.00032], [61121.77, 0.028668], [61121.76, 0.00041], [61121.62, 0.09109], [61121.55, 0.00036], [61121.53, 0.54548], [61121.47, 5e-06], [61121.46, 0.68688], [61121.37, 1.4e-05], [61121.17, 0.168617], [61120.77, 0.094291], [61120.45, 0.00017], [61120.28, 0.001], [61120.17, 0.245624], [61120.06, 0.56646], [61119.77, 0.028394], [61119.27, 0.534043], [61119.0, 0.001], [61118.81, 0.00013], [61118.77, 0.131119], [61118.67, 1e-05], [61118.57, 0.088953], [61118.56, 0.05454], [61118.37, 2e-06], [61118.27, 0.087954], [61118.2, 1.14596], [61118.17, 0.440999], [61118.13, 0.06548], [61117.87, 0.415234], [61117.77, 0.028394], [61117.55, 0.04984], [61117.28, 0.53661], [61117.13, 0.00017], [61117.09, 0.00036]]}}
{"topic": "SPOT_BTC_USDT@orderbook", "ts": 1727922907030, "data": {"symbol": "SPOT_BTC_USDT", "asks": [[61158.24, 7.45974], [61158.25, 0.96826], [61158.5, 0.00042], [61159.33, 0.12409], [61159.83, 0.055083], [61160.13, 0.269773], [61160.17, 0.0001], [61160.18, 0.0001], [61160.19, 0.0001], [61160.2, 0.0001], [61160.21, 0.60622], [61160.22, 0.0001], [61160.23, 0.1549], [61160.24, 0.79521], [61160.55, 0.19245], [61160.63, 0.063397], [61160.67, 0.48], [61160.73, 0.1308], [61160.75, 0.5292], [61160.93, 0.011151], [61161.23, 0.089577], [61161.93, 0.49066], [61162.13, 0.16354], [61162.23, 0.1548], [61162.25, 0.12], [61162.26, 0.32718], [61162.64, 0.031439], [61162.74, 0.004994], [61163.24, 0.473792], [61163.28, 0.01317], [61163.34, 0.433963], [61163.7, 9e-05], [61163.74, 0.16365], [61163.94, 0.015997], [61164.14, 0.327169], [61164.2, 0.01], [61164.21, 0.23558], [61164.24, 0.2856], [61164.36, 0.00823], [61164.38, 0.00033], [61164.54, 0.03272], [61164.74, 0.001245], [61164.85, 0.00013], [61164.86, 0.06954], [61165.18, 0.12], [61165.24, 1.3e-05], [61165.64, 1.015998], [61165.84, 0.141793], [61165.94, 0.057283], [61166.04, 0.6521], [61166.05, 0.23052], [61166.14, 0.265624], [61166.24, 0.735817], [61166.25, 0.03144], [61166.43, 0.16354], [61166.59, 0.61264], [61166.64, 0.43982], [61166.73, 9e-05], [61166.74, 0.000131], [61167.04, 0.498827], [61167.24, 7e-06], [61167.3, 0.15075], [61167.71, 0.13722], [61167.74, 0.1308], [61168.14, 0.039999], [61168.23, 7e-05], [61168.24, 0.183195], [61169.08, 0.5451], [61169.12, 0.5451], [61169.14, 0.331654], [61169.24, 0.001], [61169.4, 0.01317], [61169.44, 0.034246], [61169.74, 0.66821], [61169.76, 9e-05], [61170.03, 0.1146], [61170.04, 0.85356], [61170.05, 0.06164], [61170.16, 0.32706], [61170.22, 0.49803], [61170.24, 0.183703], [61170.49, 0.00036], [61170.63, 0.23052], [61170.74, 0.088275], [61170.84, 0.015993], [61170.86, 0.49059], [61170.88, 0.12711], [61170.95, 0.00013], [61171.24, 0.218751], [61171.34, 1.3e-05], [61171.44, 0.00037], [61171.5, 0.41259], [61171.54, 0.087955], [61171.71, 0.0004], [61171.74, 0.00483], [61171.84, 0.31252], [61171.92, 0.40883], [61172.04, 0.163698], [61172.1, 0.00081], [61172.11, 0.23596]], "bids": [[61133.77, 0.02701], [61133.21, 0.04435], [61131.78, 0.18002], [61131.77, 0.105796], [61131.41, 0.002], [61131.09, 0.41259], [61131.01, 0.00026], [61131.0, 0.00032], [61130.57, 0.007145], [61129.77, 0.105785], [61129.62, 0.23224], [61129.27, 0.130797], [61128.6, 0.00037], [61128.46, 0.00038], [61128.32, 0.0004], [61128.17, 0.010999], [61128.12, 0.0082], [61128.11, 0.32706], [61128.05, 0.05657], [61128.02, 9e-05], [61127.97, 0.00039], [61127.94, 0.00032], [61127.9, 0.00038], [61127.77, 0.061102], [61127.67, 0.130795], [61127.66, 0.00033], [61127.57, 5e-06], [61127.37, 5.9e-05], [61127.34, 0.0001], [61127.28, 0.001], [61127.14, 0.00038], [61126.87, 0.412599], [61126.83, 0.055], [61126.57, 0.000163], [61126.27, 0.049999], [61126.1, 0.49125], [61126.09, 1.00213], [61125.82, 0.04], [61125.77, 0.520154], [61125.17, 0.017685], [61124.91, 0.00013], [61124.88, 0.00032], [61124.83, 0.008], [61124.82, 0.24], [61124.72, 0.32], [61124.6, 0.5451], [61124.57, 0.016244], [61124.48, 0.0004], [61124.47, 0.017803], [61124.07, 0.061073], [61124.0, 0.06018], [61123.97, 0.163576], [61123.77, 0.028391], [61123.67, 1.14596], [61123.49, 0.54186], [61123.26, 0.03272], [61123.24, 0.12526], [61123.0, 0.0713], [61122.93, 0.49059], [61122.87, 0.04], [61122.57, 0.141797], [61122.36, 0.0004], [61122.27, 0.130792], [61121.9, 9e-05], [61121.83, 0.00032], [61121.77, 0.028668], [61121.76, 0.00041], [61121.62, 0.09109], [61121.55, 0.00036], [61121.53, 0.54548], [61121.47, 5e-06], [61121.46, 0.68688], [61121.37, 1.4e-05], [61121.17, 0.163696], [61120.77, 0.094291], [61120.45, 0.00017], [61120.28, 0.001], [61120.17, 0.245624], [61120.06, 0.56646], [61119.94, 0.40883], [61119.77, 0.028394], [61119.27, 0.534043], [61119.0, 0.001], [61118.81, 0.00013], [61118.77, 0.131119], [61118.67, 1e-05], [61118.57, 0.088953], [61118.56, 0.05454], [61118.37, 2e-06], [61118.27, 0.087954], [61118.2, 1.14596], [61118.17, 0.440999], [61118.13, 0.06548], [61117.87, 0.415234], [61117.77, 0.028394], [61117.55, 0.04984], [61117.28, 0.53661], [61117.13, 0.00017], [61117.09, 0.00036], [61117.07, 0.009999]]}}
{"topic": "SPOT_BTC_USDT@orderbook", "ts": 1727922907479, "data": {"symbol": "SPOT_BTC_USDT", "asks": [[61158.24, 7.3789], [61158.25, 0.96826], [61158.5, 0.00042], [61159.33, 0.12409], [61159.83, 0.055083], [61160.13, 0.269773], [61160.17, 0.0001], [61160.18, 0.0001], [61160.19, 0.0001], [61160.2, 0.0001], [61160.21, 0.60622], [61160.22, 0.0001], [61160.23, 0.24527], [61160.24, 0.79507], [61160.55, 0.19245], [61160.63, 0.063397], [61160.67, 0.48], [61160.73, 0.1308], [61160.75, 0.5292], [61160.93, 0.011151], [61161.23, 0.1], [61161.93, 0.49066], [61162.13, 0.16354], [61162.23, 0.1548], [61162.25, 0.12], [61162.26, 0.32718], [61162.74, 0.004994], [61163.24, 0.473792], [61163.28, 0.01317], [61163.34, 0.433963], [61163.7, 9e-05], [61163.74, 0.16365], [61163.94, 0.015997], [61164.14, 9e-06], [61164.2, 0.01], [61164.21, 0.23558], [61164.24, 0.2856], [61164.36, 0.00823], [61164.38, 0.00033], [61164.54, 0.03272], [61164.74, 0.149835], [61164.76, 0.001], [61164.85, 0.00013], [61164.86, 0.06954], [61165.18, 0.12], [61165.24, 1.3e-05], [61165.34, 0.41259], [61165.64, 1.016828], [61165.94, 0.057282], [61166.04, 0.6521], [61166.05, 0.23052], [61166.14, 0.265624], [61166.24, 0.735817], [61166.43, 0.16354], [61166.59, 0.61264], [61166.64, 0.43982], [61166.73, 9e-05], [61166.74, 0.000131], [61167.04, 0.498827], [61167.24, 7e-06], [61167.3, 0.15075], [61167.71, 0.13722], [61167.73, 0.04689], [61167.74, 0.1308], [61168.04, 0.347152], [61168.14, 0.059999], [61168.23, 7e-05], [61168.24, 0.183195], [61169.08, 0.5451], [61169.12, 0.5451], [61169.14, 0.331654], [61169.24, 0.001], [61169.4, 0.01317], [61169.44, 0.034246], [61169.74, 0.66821], [61169.76, 9e-05], [61170.03, 0.1146], [61170.04, 0.85356], [61170.05, 0.06164], [61170.16, 0.32706], [61170.22, 0.49803], [61170.24, 0.183703], [61170.49, 0.00036], [61170.63, 0.23052], [61170.74, 0.088275], [61170.84, 0.015993], [61170.86, 0.49059], [61170.88, 0.12711], [61170.95, 0.00013], [61171.24, 0.218751], [61171.34, 1.3e-05], [61171.44, 0.00037], [61171.54, 0.087955], [61171.71, 0.0004], [61171.74, 0.00483], [61171.84, 0.31252], [61171.92, 0.40883], [61172.04, 0.163698], [61172.1, 0.00081], [61172.11, 0.23596]], "bids": [[61133.77, 0.05701], [61133.21, 0.04435], [61132.77, 0.0654], [61131.78, 0.23478], [61131.77, 0.105796], [61131.41, 0.002], [61131.01, 0.00026], [61131.0, 0.00032], [61130.57, 0.007145], [61129.77, 0.105785], [61129.62, 0.23224], [61129.27, 0.130797], [61129.06, 0.06951], [61128.6, 0.00037], [61128.46, 0.00038], [61128.32, 0.0004], [61128.17, 0.010999], [61128.12, 0.0082], [61128.11, 0.32706], [61128.05, 0.05657], [61128.02, 9e-05], [61127.94, 0.00032], [61127.9, 0.00038], [61127.77, 0.061102], [61127.67, 0.130795], [61127.66, 0.00033], [61127.57, 5e-06], [61127.37, 5.9e-05], [61127.34, 0.0001], [61127.28, 0.001], [61127.14, 0.00038], [61126.83, 0.055], [61126.57, 0.000163], [61126.31, 0.06944], [61126.27, 0.049999], [61126.1, 0.49125], [61126.09, 1.00213], [61125.77, 0.520154], [61125.17, 0.017685], [61124.91, 0.00013], [61124.88, 0.00032], [61124.87, 0.02], [61124.83, 0.008], [61124.82, 0.24], [61124.78, 0.04], [61124.77, 0.028744], [61124.6, 0.5451], [61124.48, 0.0004], [61124.47, 0.001558], [61124.08, 0.32], [61124.07, 0.061073], [61124.0, 0.06018], [61123.97, 0.163576], [61123.77, 0.028391], [61123.67, 1.14596], [61123.66, 0.40883], [61123.49, 0.54186], [61123.26, 0.03272], [61123.24, 0.24052], [61123.0, 0.0713], [61122.93, 0.49059], [61122.57, 0.070623], [61122.36, 0.0004], [61122.27, 0.130792], [61121.9, 9e-05], [61121.83, 0.00032], [61121.77, 0.068668], [61121.76, 0.00041], [61121.62, 0.09109], [61121.55, 0.00036], [61121.53, 0.54548], [61121.47, 5e-06], [61121.46, 0.68688], [61121.37, 1.4e-05], [61120.77, 0.012499], [61120.57, 0.004971], [61120.49, 0.29705], [61120.45, 0.00017], [61120.28, 0.001], [61120.17, 0.245624], [61120.06, 0.56646], [61119.94, 0.40883], [61119.77, 0.028394], [61119.67, 0.092592], [61119.27, 0.534043], [61119.0, 0.001], [61118.81, 0.00013], [61118.77, 0.131119], [61118.67, 1e-05], [61118.66, 0.23091], [61118.57, 0.088953], [61118.56, 0.05454], [61118.37, 2e-06], [61118.27, 0.087954], [61118.2, 1.14596], [61118.17, 0.440999], [61118.13, 0.06548], [61117.87, 0.415234], [61117.77, 0.028394], [61117.55, 0.04984]]}}
{"topic": "SPOT_BTC_USDT@orderbook", "ts": 1727922908037, "data": {"symbol": "SPOT_BTC_USDT", "asks": [[61158.24, 7.378948], [61158.25, 0.96826], [61158.5, 0.00042], [61159.33, 0.12409], [61159.83, 0.055083], [61160.13, 0.269772], [61160.17, 0.0001], [61160.18, 0.0001], [61160.19, 0.0001], [61160.2, 0.0001], [61160.21, 0.60622], [61160.22, 0.0001], [61160.23, 0.154899], [61160.24, 0.79507], [61160.55, 0.19245], [61160.63, 0.063397], [61160.67, 0.48], [61160.73, 0.130799], [61160.75, 0.5292], [61160.93, 0.107352], [61161.93, 0.49066], [61162.13, 0.16354], [61162.23, 0.1548], [61162.25, 0.12], [61162.26, 0.32718], [61162.74, 0.004994], [61162.93, 0.16354], [61163.24, 0.473792], [61163.28, 0.01317], [61163.34, 0.433963], [61163.7, 9e-05], [61163.74, 0.16365], [61163.94, 0.015997], [61164.14, 9e-06], [61164.2, 0.01], [61164.21, 0.35038], [61164.24, 0.2856], [61164.36, 0.00823], [61164.38, 0.00033], [61164.54, 0.03272], [61164.74, 0.001244], [61164.76, 0.001], [61164.85, 0.00013], [61164.86, 0.06954], [61165.18, 0.12], [61165.24, 1.3e-05], [61165.34, 0.412589], [61165.54, 0.142502], [61165.64, 1.016828], [61165.94, 0.057281], [61166.04, 0.6521], [61166.05, 0.23052], [61166.14, 0.265624], [61166.24, 0.739817], [61166.59, 0.61264], [61166.64, 0.43982], [61166.73, 9e-05], [61166.74, 0.000131], [61167.04, 0.498827], [61167.24, 7e-06], [61167.3, 0.15075], [61167.71, 0.13722], [61167.73, 0.04689], [61167.74, 0.1308], [61168.04, 0.347149], [61168.14, 0.059999], [61168.23, 7e-05], [61168.24, 0.183195], [61169.08, 0.5451], [61169.12, 0.5451], [61169.14, 0.331654], [61169.24, 0.001], [61169.4, 0.01317], [61169.44, 0.034246], [61169.74, 0.66821], [61169.76, 9e-05], [61170.03, 0.1146], [61170.04, 0.85356], [61170.05, 0.06164], [61170.16, 0.32706], [61170.22, 0.49803], [61170.24, 0.183703], [61170.49, 0.00036], [61170.63, 0.23052], [61170.74, 0.088275], [61170.84, 0.015993], [61170.86, 0.49059], [61170.88, 0.12711], [61170.95, 0.00013], [61171.24, 0.218751], [61171.34, 1.3e-05], [61171.44, 0.00037], [61171.54, 0.087955], [61171.71, 0.0004], [61171.74, 0.00483], [61171.84, 0.31252], [61171.92, 0.40883], [61172.04, 0.163698], [61172.1, 0.00081], [61172.11, 0.23596]], "bids": [[61133.77, 0.66451], [61133.21, 0.04435], [61132.77, 0.0654], [61131.78, 0.18046], [61131.77, 0.105796], [61131.41, 0.002], [61131.01, 0.00026], [61131.0, 0.00032], [61130.57, 0.007145], [61130.27, 0.011874], [61129.8, 0.41259], [61129.77, 0.105785], [61129.62, 0.23224], [61129.27, 0.130797], [61129.06, 0.06951], [61128.6, 0.00037], [61128.46, 0.00038], [61128.32, 0.0004], [61128.17, 0.010999], [61128.12, 0.0082], [61128.11, 0.32706], [61128.05, 0.05657], [61128.02, 9e-05], [61127.94, 0.00032], [61127.9, 0.00038], [61127.83, 0.11526], [61127.77, 0.061102], [61127.67, 0.130795], [61127.66, 0.00033], [61127.57, 5e-06], [61127.37, 5.9e-05], [61127.34, 0.0001], [61127.28, 0.001], [61127.14, 0.00038], [61126.83, 0.055], [61126.57, 0.000163], [61126.31, 0.06944], [61126.27, 0.049999], [61126.1, 0.49125], [61126.09, 1.00213], [61125.77, 0.708529], [61125.67, 0.412599], [61125.17, 0.017685], [61124.97, 0.016244], [61124.91, 0.00013], [61124.88, 0.00032], [61124.87, 0.016244], [61124.83, 0.008], [61124.82, 0.24], [61124.78, 0.04], [61124.6, 0.5451], [61124.48, 0.0004], [61124.47, 0.001558], [61124.08, 0.32], [61124.0, 0.06018], [61123.97, 0.163576], [61123.77, 0.028391], [61123.67, 1.14596], [61123.66, 0.40883], [61123.49, 0.54186], [61123.26, 0.03272], [61123.24, 0.24052], [61123.0, 0.0713], [61122.93, 0.49059], [61122.57, 0.109119], [61122.36, 0.0004], [61122.27, 0.130792], [61121.9, 9e-05], [61121.83, 0.00032], [61121.77, 0.085025], [61121.76, 0.00041], [61121.62, 0.09109], [61121.55, 0.00036], [61121.53, 0.54548], [61121.47, 5e-06], [61121.46, 0.68688], [61121.37, 1.4e-05], [61120.57, 0.004971], [61120.49, 0.29705], [61120.47, 0.090651], [61120.45, 0.00017], [61120.28, 0.001], [61120.17, 0.245624], [61120.06, 0.56646], [61119.94, 0.40883], [61119.77, 0.028394], [61119.27, 0.534043], [61119.0, 0.001], [61118.81, 0.00013], [61118.77, 0.131119], [61118.67, 1e-05], [61118.66, 0.23091], [61118.57, 0.088953], [61118.56, 0.05454], [61118.37, 2e-06], [61118.27, 0.087954], [61118.2, 1.14596], [61118.17, 0.440999], [61118.13, 0.06548], [61117.87, 0.415234]]}}
{"topic": "SPOT_BTC_USDT@orderbook", "ts": 1727922908475, "data": {"symbol": "SPOT_BTC_USDT", "asks": [[61158.24, 6.362208], [61158.25, 0.89826], [61158.43, 0.01636], [61158.5, 0.00042], [61158.77, 0.0001], [61158.81, 0.0001], [61159.75, 0.0001], [61159.83, 0.055083], [61160.13, 0.269772], [61160.17, 0.0001], [61160.18, 0.0001], [61160.19, 0.0001], [61160.2, 0.0001], [61160.21, 0.87971], [61160.23, 0.154799], [61160.24, 0.60605], [61160.55, 0.19245], [61160.63, 0.063397], [61160.67, 0.48], [61160.73, 0.130799], [61160.75, 0.5292], [61160.93, 0.01115], [61161.23, 0.1], [61161.45, 0.11526], [61161.93, 0.588254], [61162.13, 0.16354], [61162.23, 0.1548], [61162.26, 0.32718], [61162.74, 0.40883], [61162.93, 0.16354], [61163.24, 0.473792], [61163.28, 0.01317], [61163.34, 0.433963], [61163.7, 9e-05], [61163.74, 0.16365], [61163.94, 0.015997], [61164.14, 9e-06], [61164.2, 0.01], [61164.21, 0.35038], [61164.24, 0.2856], [61164.36, 0.00823], [61164.38, 0.00033], [61164.54, 0.03272], [61164.74, 0.001244], [61164.76, 0.001], [61164.85, 0.00013], [61164.86, 0.06954], [61165.14, 0.004994], [61165.18, 0.12], [61165.24, 1.3e-05], [61165.34, 0.412589], [61165.64, 1.016828], [61165.94, 0.057281], [61166.04, 0.6521], [61166.05, 0.23052], [61166.14, 0.265624], [61166.24, 0.739817], [61166.44, 0.142233], [61166.59, 0.61264], [61166.64, 0.07106], [61166.73, 9e-05], [61166.74, 0.000131], [61167.04, 0.498827], [61167.24, 7e-06], [61167.3, 0.15075], [61167.71, 0.13722], [61167.73, 0.04689], [61167.74, 0.1308], [61168.14, 0.039999], [61168.23, 7e-05], [61168.24, 0.203195], [61168.3, 0.40883], [61168.34, 0.02], [61169.08, 0.5451], [61169.12, 0.5451], [61169.14, 0.107178], [61169.24, 0.001], [61169.4, 0.01317], [61169.76, 9e-05], [61170.03, 0.1146], [61170.04, 0.85356], [61170.16, 0.32706], [61170.22, 0.24562], [61170.24, 0.183703], [61170.49, 0.00036], [61170.63, 0.23052], [61170.64, 0.327132], [61170.74, 0.088275], [61170.84, 0.015993], [61170.86, 0.49059], [61170.88, 0.12711], [61170.95, 0.00013], [61171.24, 0.218751], [61171.34, 0.00016], [61171.44, 0.000369], [61171.54, 0.087955], [61171.71, 0.0004], [61171.74, 0.00483], [61171.84, 0.31252], [61171.92, 0.40883]], "bids": [[61133.77, 1.75196], [61133.21, 0.04435], [61132.77, 0.1308], [61131.78, 0.15526], [61131.77, 0.105796], [61131.41, 0.002], [61131.01, 0.00026], [61131.0, 0.00032], [61130.57, 0.023136], [61130.27, 0.011874], [61129.8, 0.41259], [61129.77, 0.105785], [61129.62, 0.23224], [61129.27, 0.130797], [61129.06, 0.06951], [61128.6, 0.00037], [61128.46, 0.00038], [61128.32, 0.0004], [61128.17, 0.010999], [61128.12, 0.0082], [61128.11, 0.32706], [61128.05, 0.05657], [61128.02, 9e-05], [61127.94, 0.00032], [61127.9, 0.00038], [61127.87, 0.023223], [61127.83, 0.11526], [61127.77, 0.138502], [61127.67, 0.130795], [61127.66, 0.00033], [61127.57, 5e-06], [61127.37, 5.9e-05], [61127.34, 0.0001], [61127.28, 0.001], [61127.14, 0.00038], [61126.83, 0.055], [61126.57, 0.000163], [61126.31, 0.06944], [61126.27, 0.049999], [61126.1, 0.49125], [61126.09, 1.00213], [61125.97, 0.091089], [61125.87, 0.163698], [61125.77, 0.912051], [61125.67, 0.428842], [61125.17, 0.017685], [61124.91, 0.00013], [61124.88, 0.00032], [61124.83, 0.008], [61124.82, 0.24], [61124.78, 0.04], [61124.6, 0.5451], [61124.48, 0.0004], [61124.47, 0.001558], [61124.37, 0.441], [61124.08, 0.32], [61124.0, 0.06018], [61123.97, 0.163576], [61123.77, 0.02839], [61123.67, 1.14596], [61123.66, 0.40883], [61123.49, 0.54186], [61123.26, 0.03272], [61123.24, 0.24052], [61123.0, 0.0713], [61122.93, 0.49059], [61122.57, 0.109119], [61122.36, 0.0004], [61122.27, 0.130792], [61121.9, 9e-05], [61121.83, 0.00032], [61121.77, 0.068667], [61121.76, 0.00041], [61121.55, 0.00036], [61121.53, 0.54548], [61121.47, 5e-06], [61121.46, 0.68688], [61121.37, 0.096123], [61120.57, 0.004971], [61120.49, 0.29705], [61120.45, 0.00017], [61120.28, 0.001], [61120.17, 0.245624], [61120.06, 0.56646], [61119.94, 0.40883], [61119.77, 0.028394], [61119.27, 0.534043], [61119.0, 0.001], [61118.81, 0.00013], [61118.77, 0.186202], [61118.67, 1e-05], [61118.66, 0.23091], [61118.57, 0.088953], [61118.56, 0.05454], [61118.37, 2e-06], [61118.27, 0.087954], [61118.2, 1.14596], [61118.17, 0.440999], [61118.13, 0.06548], [61117.87, 0.415233]]}}
{"topic": "SPOT_BTC_USDT@orderbook", "ts": 1727922909021, "data": {"symbol": "SPOT_BTC_USDT", "asks": [[61155.88, 7.187734], [61156.1, 0.31809], [61156.12, 0.0635], [61156.22, 0.32721], [61156.23, 0.34735], [61156.24, 0.7993], [61156.63, 0.467521], [61156.67, 0.5293], [61156.73, 0.018499], [61156.93, 0.404223], [61157.15, 0.00027], [61157.23, 0.149394], [61157.24, 2.3859], [61157.33, 0.12368], [61157.37, 0.06164], [61157.56, 0.0634], [61157.67, 0.11006], [61157.68, 0.6492], [61158.23, 0.327883], [61158.24, 0.26819], [61158.25, 0.36896], [61158.5, 0.00032], [61158.89, 0.07021], [61158.93, 0.440999], [61159.13, 0.163665], [61159.47, 0.07044], [61159.73, 0.245623], [61160.0, 0.40422], [61160.13, 0.862515], [61160.21, 0.87971], [61160.23, 0.154799], [61160.24, 0.01345], [61160.53, 1.0], [61160.73, 0.130799], [61160.93, 0.66824], [61161.03, 0.36873], [61161.13, 0.006546], [61161.23, 0.109992], [61161.33, 0.02], [61161.51, 0.08177], [61161.73, 0.04], [61162.23, 0.1548], [61162.26, 0.32718], [61162.74, 0.327177], [61162.84, 0.32707], [61162.93, 0.16354], [61163.24, 0.08001], [61163.28, 0.01317], [61163.34, 0.021363], [61163.64, 0.071768], [61163.69, 0.01], [61163.7, 9e-05], [61163.94, 0.015997], [61164.14, 9e-06], [61164.21, 0.35038], [61164.24, 0.2856], [61164.36, 0.00823], [61164.38, 0.00033], [61164.72, 0.5451], [61164.75, 0.5451], [61164.85, 0.00013], [61164.86, 0.06954], [61165.01, 0.16101], [61165.14, 0.004994], [61165.24, 1.3e-05], [61165.43, 0.00036], [61165.64, 0.015998], [61165.75, 0.32706], [61165.89, 0.23572], [61165.94, 0.163698], [61166.04, 0.435302], [61166.05, 0.23052], [61166.14, 0.245624], [61166.24, 0.615727], [61166.59, 0.61264], [61166.64, 0.07106], [61166.73, 9e-05], [61166.74, 0.000131], [61167.04, 0.008177], [61167.24, 7e-06], [61167.29, 0.25241], [61167.71, 0.13722], [61167.73, 0.04689], [61167.74, 0.1308], [61168.13, 0.0008], [61168.23, 7e-05], [61168.24, 0.183195], [61168.3, 0.40883], [61168.34, 0.3273], [61168.54, 0.02], [61168.64, 0.02], [61169.07, 1.14596], [61169.14, 0.107178], [61169.24, 0.001], [61169.4, 0.01317], [61169.69, 0.10809], [61169.74, 0.046473], [61169.76, 9e-05], [61170.03, 0.1146], [61170.04, 0.85356]], "bids": [[61131.41, 0.002], [61131.0, 0.00032], [61129.77, 0.028385], [61128.32, 0.0004], [61128.05, 0.05657], [61128.02, 9e-05], [61127.94, 0.00032], [61127.9, 0.00038], [61127.77, 0.138502], [61127.67, 0.130795], [61127.66, 0.00033], [61127.37, 5.9e-05], [61127.34, 0.0001], [61127.14, 0.00038], [61126.83, 0.055], [61125.77, 0.171931], [61125.27, 0.001], [61125.17, 0.014147], [61124.88, 0.00032], [61124.62, 0.49125], [61124.61, 0.75275], [61124.47, 0.001558], [61124.0, 0.06018], [61123.77, 0.02839], [61123.6, 0.00804], [61123.49, 0.54186], [61123.26, 0.03272], [61123.24, 0.01], [61123.0, 0.0713], [61122.59, 0.00036], [61122.27, 0.130792], [61121.9, 9e-05], [61121.83, 0.00032], [61121.77, 0.028667], [61121.76, 0.00041], [61121.55, 0.00036], [61121.47, 4e-06], [61121.18, 0.04], [61120.51, 0.1146], [61120.49, 0.24562], [61120.48, 0.24], [61120.46, 0.32706], [61120.45, 0.00017], [61120.28, 0.001], [61120.13, 0.5451], [61120.06, 0.56646], [61119.77, 0.028394], [61119.1, 0.05], [61119.08, 0.32], [61119.0, 0.001], [61118.81, 0.00013], [61118.77, 0.131118], [61118.67, 1e-05], [61118.66, 0.00039], [61118.57, 0.000996], [61118.56, 0.05454], [61118.13, 0.06548], [61117.77, 0.028394], [61117.55, 0.04984], [61117.28, 0.53661], [61117.13, 0.00017], [61117.07, 0.010388], [61116.94, 0.15948], [61116.48, 0.0004], [61116.47, 0.126446], [61116.07, 0.003938], [61115.78, 9e-05], [61115.77, 0.028397], [61115.71, 0.00032], [61115.57, 0.303278], [61115.38, 0.04429], [61115.27, 0.130808], [61115.17, 0.049079], [61114.97, 0.163601], [61114.96, 1.14596], [61114.95, 0.49125], [61114.94, 0.55174], [61114.61, 0.06086], [61114.45, 0.3272], [61114.36, 0.24562], [61114.35, 0.017], [61114.33, 0.00017], [61114.26, 1.10727], [61114.25, 0.1146], [61114.19, 0.04435], [61113.77, 0.274019], [61113.68, 0.65457], [61113.47, 0.1834], [61113.32, 0.00042], [61113.17, 0.589487], [61112.98, 0.06512], [61112.78, 0.00163], [61112.71, 0.00013], [61112.67, 0.81822], [61112.66, 0.00032], [61112.52, 0.05229], [61112.27, 3e-06], [61112.21, 0.04002], [61111.87, 0.003272], [61111.77, 0.159197]]}}
{"topic": "SPOT_BTC_USDT@orderbook", "ts": 1727922909475, "data": {"symbol": "SPOT_BTC_USDT", "asks": [[61152.8, 6.793824], [61153.46, 0.04221], [61153.53, 0.13272], [61153.63, 0.163562], [61153.73, 0.1309], [61154.23, 0.1549], [61154.24, 0.0001], [61154.83, 0.011151], [61155.03, 0.057281], [61155.13, 0.050544], [61155.45, 0.00042], [61155.53, 0.092054], [61155.73, 0.000148], [61155.83, 0.099999], [61155.87, 2.85955], [61155.88, 2.51869], [61156.09, 0.0001], [61156.12, 0.0635], [61156.23, 0.34725], [61156.24, 0.5292], [61156.63, 0.683762], [61156.67, 0.5292], [61156.73, 0.018499], [61156.93, 0.404223], [61157.15, 0.01317], [61157.22, 0.59748], [61157.23, 0.149294], [61157.33, 0.12368], [61157.63, 0.49071], [61157.68, 0.12], [61158.23, 0.156877], [61158.24, 0.15155], [61158.25, 0.3271], [61158.5, 0.00032], [61158.89, 0.07021], [61158.92, 0.00033], [61158.93, 0.931709], [61159.13, 0.163664], [61159.47, 0.07044], [61159.73, 0.245623], [61159.83, 0.021858], [61160.0, 0.40422], [61160.13, 1.493339], [61160.21, 0.27359], [61160.23, 0.162799], [61160.66, 9e-05], [61160.73, 0.130799], [61160.93, 0.66824], [61161.03, 0.36873], [61161.13, 0.006546], [61161.23, 0.109992], [61161.33, 0.02], [61161.51, 0.08177], [61161.53, 0.4907], [61161.63, 0.5451], [61161.73, 1.04], [61162.23, 0.1628], [61162.26, 0.32708], [61162.84, 0.32707], [61162.93, 0.16354], [61163.04, 0.193071], [61163.28, 0.01317], [61163.64, 0.071768], [61163.69, 0.01], [61163.7, 9e-05], [61163.94, 0.015997], [61164.14, 7e-06], [61164.21, 0.7213], [61164.24, 0.2946], [61164.28, 0.16729], [61164.34, 0.06164], [61164.36, 0.00823], [61164.75, 0.5451], [61164.84, 0.01], [61164.85, 0.00013], [61164.86, 0.06954], [61165.14, 0.004994], [61165.24, 0.000513], [61165.43, 0.00036], [61165.64, 0.015998], [61165.75, 0.32706], [61165.84, 0.32717], [61165.89, 0.23572], [61165.94, 0.163698], [61166.04, 0.435302], [61166.05, 0.23052], [61166.14, 0.245624], [61166.24, 0.623727], [61166.59, 0.43192], [61166.64, 0.07187], [61166.73, 9e-05], [61166.74, 0.000131], [61167.04, 0.008177], [61167.24, 7e-06], [61167.37, 0.25241], [61167.38, 0.12396], [61167.64, 9e-05], [61167.71, 0.13722], [61167.73, 0.04689], [61167.74, 0.1308]], "bids": [[61128.33, 0.6554], [61128.05, 0.05657], [61128.02, 9e-05], [61127.94, 0.00032], [61127.77, 0.138502], [61127.67, 0.130795], [61127.37, 5.9e-05], [61127.19, 0.32713], [61126.84, 0.02425], [61126.83, 0.055], [61125.79, 0.10067], [61125.77, 0.237331], [61125.17, 0.032646], [61124.88, 0.00032], [61124.47, 0.001558], [61124.0, 0.06018], [61123.77, 0.02839], [61123.6, 0.00804], [61123.49, 0.563], [61123.34, 0.32706], [61123.26, 0.03272], [61123.24, 0.01], [61123.12, 0.06768], [61123.01, 0.5451], [61123.0, 0.0713], [61122.59, 0.00036], [61122.27, 0.130792], [61122.21, 0.00033], [61121.9, 9e-05], [61121.83, 0.00032], [61121.77, 0.028667], [61121.57, 0.009], [61121.55, 0.00036], [61121.47, 4e-06], [61121.18, 0.04], [61120.69, 0.40422], [61120.57, 0.06037], [61120.51, 0.1146], [61120.49, 0.24562], [61120.48, 0.08], [61120.45, 0.00017], [61120.17, 0.06895], [61120.14, 0.26726], [61119.87, 0.02322], [61119.77, 0.105794], [61119.48, 0.16], [61119.27, 0.157869], [61119.1, 0.05], [61119.08, 0.32], [61119.0, 0.001], [61118.97, 0.620837], [61118.87, 0.016247], [61118.81, 0.00013], [61118.77, 0.131118], [61118.67, 1e-05], [61118.66, 0.00039], [61118.57, 0.000996], [61118.56, 0.05454], [61118.13, 0.06548], [61118.07, 0.04], [61117.91, 0.00039], [61117.77, 0.028394], [61117.55, 0.04984], [61117.29, 0.03268], [61117.28, 0.98637], [61117.07, 0.010388], [61116.94, 0.15948], [61116.7, 0.00039], [61116.67, 0.258766], [61116.57, 0.404223], [61116.48, 0.0004], [61116.24, 0.09109], [61115.78, 9e-05], [61115.77, 0.028397], [61115.71, 0.00032], [61115.57, 0.303278], [61115.38, 0.04429], [61115.27, 0.130808], [61115.17, 0.049079], [61115.07, 0.089353], [61114.96, 1.14596], [61114.95, 0.49125], [61114.94, 0.54548], [61114.88, 0.0004], [61114.77, 0.004819], [61114.61, 0.06086], [61114.45, 0.3272], [61114.36, 0.24562], [61114.35, 0.017], [61114.33, 0.00017], [61114.26, 1.10727], [61114.25, 0.1146], [61114.19, 0.04435], [61113.77, 0.274019], [61113.68, 0.65457], [61113.47, 0.183399], [61113.32, 0.00042], [61113.17, 0.490589], [61112.98, 0.06512], [61112.78, 0.00163]]}}
{"topic": "SPOT_BTC_USDT@orderbook", "ts": 1727922910034, "data": {"symbol": "SPOT_BTC_USDT", "asks": [[61152.8, 7.843127], [61153.43, 0.245624], [61153.46, 0.04221], [61153.53, 0.13272], [61153.63, 0.163562], [61153.7, 1.32473], [61153.71, 0.0001], [61153.72, 0.0001], [61153.73, 0.1309], [61154.23, 0.1549], [61154.83, 0.011151], [61155.03, 0.057281], [61155.13, 0.050544], [61155.28, 0.00893], [61155.43, 0.09956], [61155.45, 0.00042], [61155.73, 0.000148], [61155.83, 0.099999], [61155.88, 2.51663], [61156.12, 0.0634], [61156.23, 0.34725], [61156.24, 0.5292], [61156.63, 0.683762], [61156.67, 0.5292], [61156.73, 0.018499], [61156.93, 0.404223], [61157.15, 0.01317], [61157.22, 0.40639], [61157.23, 0.149294], [61157.33, 0.12368], [61157.63, 0.49071], [61157.68, 0.12], [61158.03, 1e-05], [61158.23, 0.156877], [61158.24, 0.15155], [61158.25, 0.3271], [61158.5, 0.00032], [61158.89, 0.07021], [61158.92, 0.00033], [61158.93, 0.931709], [61159.13, 0.163664], [61159.47, 0.07044], [61159.73, 0.245623], [61159.83, 0.021858], [61159.93, 0.146854], [61160.0, 0.40422], [61160.13, 1.353223], [61160.21, 0.39622], [61160.23, 0.162798], [61160.63, 1.0], [61160.66, 9e-05], [61160.73, 0.130799], [61160.93, 0.66824], [61160.98, 0.16354], [61161.03, 0.36873], [61161.13, 0.006546], [61161.23, 0.109992], [61161.33, 0.02], [61161.45, 0.23052], [61161.51, 0.08177], [61161.53, 0.4907], [61161.63, 0.5451], [61161.73, 0.04], [61162.23, 0.1688], [61162.26, 0.32708], [61162.84, 0.32707], [61163.04, 0.213071], [61163.14, 0.02], [61163.28, 0.01317], [61163.64, 0.071768], [61163.69, 0.01], [61163.7, 9e-05], [61163.94, 0.015997], [61164.14, 7e-06], [61164.21, 0.7213], [61164.24, 0.2946], [61164.28, 0.16729], [61164.34, 0.06164], [61164.36, 0.00823], [61164.74, 0.000304], [61164.75, 0.5451], [61164.84, 0.01], [61164.85, 0.00013], [61164.86, 0.06954], [61165.04, 0.01], [61165.14, 0.004994], [61165.24, 0.000513], [61165.43, 0.00036], [61165.64, 0.015998], [61165.75, 0.32706], [61165.84, 0.32717], [61165.89, 0.23572], [61165.94, 0.163698], [61166.04, 0.435302], [61166.05, 0.23052], [61166.14, 0.245624], [61166.24, 0.623727], [61166.59, 0.43192], [61166.64, 0.07187], [61166.73, 9e-05]], "bids": [[61128.33, 0.65526], [61128.05, 0.05657], [61128.02, 9e-05], [61127.94, 0.00032], [61127.77, 0.138502], [61127.67, 0.130795], [61127.37, 5.9e-05], [61126.84, 0.01651], [61126.83, 0.055], [61126.22, 0.19846], [61125.77, 0.237331], [61125.17, 0.036183], [61124.88, 0.00032], [61124.47, 0.001558], [61124.0, 0.06018], [61123.77, 0.02839], [61123.6, 0.00804], [61123.49, 0.563], [61123.34, 0.32706], [61123.26, 0.03272], [61123.24, 0.01], [61123.12, 0.06768], [61123.01, 0.5451], [61123.0, 0.0713], [61122.59, 0.00036], [61122.27, 0.130792], [61122.21, 0.00033], [61121.9, 9e-05], [61121.83, 0.00132], [61121.77, 0.028667], [61121.57, 0.009], [61121.55, 0.00036], [61121.47, 4e-06], [61120.69, 0.40422], [61120.57, 0.06037], [61120.54, 0.04], [61120.51, 0.1146], [61120.49, 0.24562], [61120.45, 0.00017], [61120.17, 0.06895], [61120.14, 0.26726], [61119.87, 0.02322], [61119.77, 0.105794], [61119.54, 0.08], [61119.48, 0.16], [61119.27, 0.157869], [61119.1, 0.05], [61119.08, 0.32], [61119.07, 0.02], [61119.0, 0.001], [61118.97, 0.620837], [61118.81, 0.00013], [61118.77, 0.131118], [61118.67, 1e-05], [61118.66, 0.00039], [61118.57, 0.000996], [61118.56, 0.05454], [61118.13, 0.06548], [61118.07, 0.04], [61117.91, 0.00039], [61117.77, 0.028394], [61117.55, 0.04984], [61117.29, 0.03268], [61117.28, 0.98637], [61117.07, 0.010388], [61116.94, 0.15948], [61116.7, 0.00039], [61116.67, 0.258766], [61116.57, 0.404223], [61116.48, 0.0004], [61116.24, 0.09109], [61115.78, 9e-05], [61115.77, 0.044756], [61115.71, 0.00032], [61115.57, 0.303278], [61115.38, 0.04429], [61115.27, 0.228947], [61115.17, 0.049078], [61114.96, 1.14596], [61114.95, 0.49125], [61114.94, 0.54548], [61114.88, 0.0004], [61114.77, 0.004819], [61114.61, 0.06086], [61114.45, 0.3272], [61114.36, 0.24562], [61114.35, 0.017], [61114.33, 0.00017], [61114.26, 1.10727], [61114.25, 0.1146], [61114.19, 0.04435], [61113.77, 0.274019], [61113.68, 0.65457], [61113.47, 0.183399], [61113.32, 0.00042], [61113.17, 0.490589], [61112.98, 0.06512], [61112.78, 0.00163], [61112.71, 0.00013], [61112.67, 0.81822]]}}
{"topic": "SPOT_BTC_USDT@orderbook", "ts": 1727922910474, "data": {"symbol": "SPOT_BTC_USDT", "asks": [[61152.24, 6.676327], [61152.39, 0.00052], [61152.51, 0.88814], [61152.52, 1.1293], [61152.63, 0.008058], [61152.65, 0.0001], [61152.66, 0.0001], [61152.67, 0.0001], [61152.68, 0.0635], [61152.73, 0.078904], [61152.79, 0.04221], [61152.8, 1.31722], [61153.43, 0.245624], [61153.46, 0.04211], [61153.53, 0.13272], [61153.63, 0.163562], [61153.73, 0.1308], [61154.22, 0.86591], [61154.23, 0.1548], [61154.83, 0.011151], [61155.03, 0.057281], [61155.13, 0.050543], [61155.28, 0.00883], [61155.45, 0.00032], [61155.73, 0.000148], [61155.83, 0.104942], [61155.88, 2.52482], [61156.03, 0.089078], [61156.23, 0.34725], [61156.63, 0.683762], [61156.73, 0.018499], [61156.93, 0.404223], [61157.15, 0.01317], [61157.22, 0.40639], [61157.23, 0.149294], [61157.33, 0.12368], [61157.63, 0.4908], [61157.68, 0.12], [61158.03, 1e-05], [61158.23, 0.157077], [61158.24, 0.15144], [61158.25, 0.3271], [61158.5, 0.00032], [61158.89, 0.07021], [61158.92, 0.00033], [61158.93, 0.931709], [61159.13, 0.163664], [61159.3, 0.001], [61159.47, 0.07044], [61159.73, 0.245623], [61159.83, 0.021858], [61160.0, 0.40422], [61160.13, 1.353223], [61160.21, 0.71353], [61160.23, 0.162998], [61160.53, 0.145695], [61160.63, 1.0], [61160.66, 9e-05], [61160.73, 0.130799], [61160.93, 0.66824], [61160.98, 0.16354], [61161.03, 0.36873], [61161.1, 0.5451], [61161.13, 0.006546], [61161.23, 0.109992], [61161.33, 0.02], [61161.45, 0.23052], [61161.51, 0.08177], [61161.53, 0.4907], [61161.63, 0.5451], [61161.73, 0.04], [61162.05, 0.32706], [61162.23, 0.169], [61162.26, 0.32708], [61162.74, 0.02], [61162.84, 0.34707], [61163.04, 0.205161], [61163.28, 0.01317], [61163.64, 0.071768], [61163.69, 0.01], [61163.7, 9e-05], [61163.94, 0.015997], [61164.14, 5e-06], [61164.21, 0.35038], [61164.24, 0.3008], [61164.28, 0.16729], [61164.34, 0.06164], [61164.36, 0.00823], [61164.74, 0.000304], [61164.84, 0.01], [61164.85, 0.00013], [61165.04, 0.01], [61165.14, 0.004994], [61165.24, 0.000513], [61165.43, 0.00036], [61165.64, 0.015998], [61165.84, 0.32717], [61165.89, 0.23572], [61165.94, 0.163698], [61166.04, 0.435302]], "bids": [[61127.77, 0.794002], [61127.67, 0.130795], [61127.37, 5.9e-05], [61126.83, 0.055], [61125.78, 0.10033], [61125.77, 0.237331], [61125.17, 0.039289], [61124.88, 0.00032], [61124.47, 0.001558], [61124.0, 0.06018], [61123.77, 0.02839], [61123.56, 0.00817], [61123.49, 0.64827], [61123.26, 0.03272], [61123.24, 0.01], [61123.05, 0.06926], [61123.0, 0.0713], [61122.59, 0.00036], [61122.27, 0.130792], [61122.21, 0.00033], [61121.9, 9e-05], [61121.83, 0.00132], [61121.77, 0.106067], [61121.57, 0.009], [61121.55, 0.00036], [61121.47, 4e-06], [61120.7, 1.14596], [61120.69, 0.40422], [61120.57, 0.06037], [61120.51, 0.1146], [61120.49, 0.24562], [61120.45, 0.00017], [61120.14, 0.52949], [61119.87, 0.02322], [61119.77, 0.105794], [61119.61, 0.07115], [61119.54, 0.08], [61119.5, 0.32706], [61119.44, 0.04], [61119.27, 0.190377], [61119.17, 0.5451], [61119.1, 0.05], [61119.08, 0.32], [61119.0, 0.001], [61118.97, 0.604589], [61118.84, 0.16], [61118.81, 0.00013], [61118.77, 0.131117], [61118.67, 0.016256], [61118.66, 0.00039], [61118.57, 0.017242], [61118.56, 0.05454], [61118.13, 0.06548], [61117.91, 0.00039], [61117.77, 0.040894], [61117.55, 0.04984], [61117.29, 0.03268], [61117.28, 0.98637], [61117.07, 0.010388], [61116.94, 0.15948], [61116.7, 0.00039], [61116.67, 0.258766], [61116.57, 0.404223], [61116.48, 0.0004], [61116.47, 0.04], [61116.24, 0.09109], [61115.87, 0.093832], [61115.78, 9e-05], [61115.77, 0.028395], [61115.71, 0.00032], [61115.57, 0.303278], [61115.38, 0.04429], [61115.27, 0.130806], [61115.17, 0.049078], [61114.96, 1.14596], [61114.95, 0.49125], [61114.94, 0.54548], [61114.88, 0.0004], [61114.77, 0.017319], [61114.61, 0.06086], [61114.45, 0.3272], [61114.36, 0.24562], [61114.35, 0.017], [61114.33, 0.00017], [61114.26, 1.10727], [61114.25, 0.1146], [61114.19, 0.04435], [61114.07, 0.11526], [61113.77, 0.274019], [61113.76, 0.0001], [61113.68, 0.65457], [61113.47, 0.183398], [61113.32, 0.00042], [61113.17, 0.490589], [61112.98, 0.06512], [61112.78, 0.00163], [61112.71, 0.00013], [61112.67, 0.81822], [61112.66, 0.00032], [61112.52, 0.05229]]}}
{"topic": "SPOT_BTC_USDT@orderbook", "ts": 1727922911033, "data": {"symbol": "SPOT_BTC_USDT", "asks": [[61152.24, 6.667428], [61152.39, 0.00042], [61152.51, 0.88814], [61152.52, 1.1293], [61152.63, 0.008058], [61152.65, 0.0001], [61152.66, 0.0001], [61152.67, 0.0001], [61152.68, 0.0635], [61152.73, 0.078904], [61152.79, 0.04221], [61152.8, 1.31722], [61153.43, 0.245624], [61153.46, 0.04211], [61153.53, 0.13272], [61153.63, 0.163562], [61153.73, 0.1308], [61154.22, 0.86591], [61154.23, 0.1548], [61154.83, 0.011151], [61155.03, 0.057281], [61155.13, 0.050543], [61155.23, 0.000622], [61155.28, 0.00883], [61155.45, 0.00032], [61155.83, 0.104942], [61155.88, 2.52482], [61156.23, 0.34725], [61156.63, 0.683762], [61156.73, 0.018499], [61156.93, 0.404223], [61157.15, 0.01317], [61157.22, 0.40639], [61157.23, 0.149294], [61157.33, 0.12368], [61157.63, 0.4908], [61157.68, 0.12], [61158.03, 1e-05], [61158.23, 0.157077], [61158.24, 0.15144], [61158.25, 0.3271], [61158.5, 0.00032], [61158.74, 0.00013], [61158.89, 0.07021], [61158.92, 0.00033], [61158.93, 0.931709], [61159.13, 0.163664], [61159.3, 0.001], [61159.47, 0.07044], [61159.73, 0.245623], [61159.83, 0.021858], [61160.0, 0.40422], [61160.13, 1.353223], [61160.21, 0.71353], [61160.23, 0.162998], [61160.63, 1.0], [61160.66, 9e-05], [61160.73, 0.130799], [61160.93, 0.66824], [61160.98, 0.16354], [61161.03, 0.36873], [61161.1, 0.5451], [61161.13, 0.006546], [61161.23, 0.099999], [61161.33, 0.02], [61161.45, 0.23052], [61161.51, 0.08177], [61161.53, 0.4907], [61161.63, 0.5451], [61161.73, 0.04], [61162.05, 0.32706], [61162.23, 0.169], [61162.26, 0.32708], [61162.74, 0.02], [61162.84, 0.34707], [61163.04, 0.205161], [61163.28, 0.01317], [61163.64, 0.071768], [61163.69, 0.01], [61163.7, 9e-05], [61163.94, 0.015997], [61164.14, 3e-06], [61164.21, 0.35038], [61164.24, 0.3008], [61164.28, 0.16729], [61164.34, 0.06164], [61164.36, 0.00823], [61164.74, 0.000304], [61164.84, 0.01], [61164.85, 0.00013], [61165.04, 0.01], [61165.14, 0.004994], [61165.24, 0.000513], [61165.43, 0.00036], [61165.64, 0.015998], [61165.84, 0.32717], [61165.89, 0.23572], [61165.94, 0.163698], [61166.04, 0.435302], [61166.05, 0.23052]], "bids": [[61127.77, 0.734652], [61127.67, 0.130795], [61127.37, 5.9e-05], [61126.83, 0.055], [61126.76, 0.32713], [61125.78, 0.08076], [61125.77, 0.171931], [61125.17, 0.039288], [61124.88, 0.00032], [61124.77, 0.007187], [61124.47, 0.001558], [61124.0, 0.06018], [61123.77, 0.02839], [61123.56, 0.00817], [61123.49, 0.62491], [61123.26, 0.03272], [61123.24, 0.01], [61123.0, 0.0713], [61122.59, 0.00036], [61122.27, 0.130792], [61122.21, 0.00033], [61121.9, 9e-05], [61121.83, 0.00132], [61121.77, 0.106067], [61121.57, 0.009], [61121.55, 0.00036], [61121.47, 4e-06], [61120.7, 1.14596], [61120.69, 0.40422], [61120.57, 0.06037], [61120.51, 0.1146], [61120.49, 0.24562], [61120.45, 0.00017], [61120.14, 0.52949], [61119.87, 0.02322], [61119.77, 0.105794], [61119.61, 0.07115], [61119.54, 0.08], [61119.5, 0.32706], [61119.44, 0.04], [61119.27, 0.190377], [61119.17, 0.5451], [61119.1, 0.05], [61119.08, 0.32], [61119.0, 0.001], [61118.97, 0.604589], [61118.84, 0.16], [61118.81, 0.00013], [61118.77, 0.131117], [61118.67, 0.016256], [61118.66, 0.00039], [61118.57, 0.01724], [61118.56, 0.05454], [61118.13, 0.06548], [61117.91, 0.00039], [61117.77, 0.040894], [61117.55, 0.04984], [61117.29, 0.03268], [61117.28, 0.98637], [61117.07, 0.010388], [61116.94, 0.15948], [61116.7, 0.00039], [61116.67, 0.258766], [61116.57, 0.404223], [61116.48, 0.0004], [61116.47, 0.04], [61116.24, 0.09109], [61115.78, 9e-05], [61115.77, 0.028395], [61115.71, 0.00032], [61115.57, 0.303278], [61115.38, 0.04429], [61115.27, 0.130806], [61115.17, 0.049078], [61114.96, 1.14596], [61114.95, 0.49125], [61114.94, 0.54548], [61114.88, 0.0004], [61114.77, 0.004819], [61114.61, 0.06086], [61114.45, 0.3272], [61114.36, 0.24562], [61114.35, 0.017], [61114.33, 0.00017], [61114.26, 1.10727], [61114.25, 0.1146], [61114.19, 0.04435], [61114.07, 0.23052], [61113.77, 0.274019], [61113.76, 0.0001], [61113.68, 0.65457], [61113.47, 0.183398], [61113.32, 0.00042], [61113.17, 0.490589], [61112.98, 0.06512], [61112.97, 0.001854], [61112.78, 0.00163], [61112.71, 0.00013], [61112.67, 0.81822], [61112.66, 0.00032]]}}
{"topic": "SPOT_BTC_USDT@orderbook", "ts": 1727922911477, "data": {"symbol": "SPOT_BTC_USDT", "asks": [[61152.24, 6.782548], [61152.39, 0.00042], [61152.51, 0.88814], [61152.52, 1.1293], [61152.65, 0.0001], [61152.66, 0.0001], [61152.67, 0.0001], [61152.68, 0.0635], [61152.73, 0.070504], [61152.79, 0.0001], [61152.8, 1.24814], [61152.83, 0.01636], [61153.43, 0.245624], [61153.46, 0.04211], [61153.53, 0.13272], [61153.73, 0.1308], [61154.22, 0.86591], [61154.23, 0.1548], [61154.83, 0.011151], [61155.03, 0.057281], [61155.13, 0.0191], [61155.22, 0.01], [61155.23, 0.000622], [61155.45, 0.00032], [61155.83, 0.188946], [61155.88, 2.52482], [61156.23, 0.34745], [61156.63, 0.683762], [61156.73, 0.018499], [61156.93, 0.404223], [61157.15, 0.01317], [61157.22, 0.40639], [61157.23, 0.149294], [61157.33, 0.12368], [61157.63, 0.4908], [61157.68, 0.12], [61157.83, 0.163552], [61158.03, 1e-05], [61158.23, 0.157277], [61158.24, 0.12], [61158.25, 0.3271], [61158.5, 0.00032], [61158.74, 0.00013], [61158.89, 0.07021], [61158.92, 0.00033], [61158.93, 0.964429], [61159.13, 0.163664], [61159.3, 0.001], [61159.47, 0.07044], [61159.73, 0.245623], [61159.83, 0.021858], [61160.0, 0.40422], [61160.13, 1.353223], [61160.21, 0.71353], [61160.23, 0.163198], [61160.33, 0.134069], [61160.63, 0.999999], [61160.66, 9e-05], [61160.73, 0.130799], [61160.93, 0.668239], [61160.98, 0.16354], [61161.03, 0.36873], [61161.1, 0.5451], [61161.13, 0.006546], [61161.33, 0.02], [61161.45, 0.23052], [61161.51, 0.08177], [61161.53, 0.4907], [61161.63, 0.5451], [61161.73, 0.04], [61162.05, 0.32706], [61162.23, 0.1692], [61162.26, 0.32708], [61162.38, 0.14267], [61162.74, 0.408829], [61162.84, 0.32707], [61162.94, 0.02], [61163.04, 0.202886], [61163.28, 0.01317], [61163.54, 0.327175], [61163.64, 0.037521], [61163.7, 9e-05], [61163.94, 0.015997], [61164.14, 1e-06], [61164.21, 0.35038], [61164.24, 0.301], [61164.36, 0.00823], [61164.74, 0.000304], [61164.84, 0.01], [61164.85, 0.00013], [61165.04, 0.01], [61165.14, 0.004994], [61165.24, 0.000513], [61165.43, 0.00036], [61165.64, 0.015998], [61165.89, 0.23572], [61165.94, 0.163698], [61166.04, 0.435302], [61166.05, 0.23052], [61166.14, 0.245623]], "bids": [[61127.77, 0.141652], [61127.73, 0.00033], [61127.67, 0.130795], [61127.37, 5.9e-05], [61126.66, 0.19609], [61126.65, 0.32714], [61125.77, 0.237331], [61125.17, 0.020787], [61124.88, 0.00032], [61124.77, 0.007187], [61124.47, 0.001558], [61124.0, 0.06018], [61123.77, 0.02839], [61123.51, 0.00824], [61123.49, 0.62491], [61123.26, 0.03272], [61123.24, 0.01], [61123.04, 0.07057], [61123.0, 0.0713], [61122.59, 0.00036], [61122.27, 0.130792], [61122.21, 0.00033], [61121.9, 9e-05], [61121.83, 0.00132], [61121.77, 0.106067], [61121.57, 0.009], [61121.55, 0.00036], [61121.47, 4e-06], [61120.7, 1.14596], [61120.69, 0.40422], [61120.57, 0.06037], [61120.51, 0.1146], [61120.49, 0.24562], [61120.45, 0.00017], [61120.14, 0.52949], [61119.87, 0.02322], [61119.77, 0.105794], [61119.61, 0.07115], [61119.54, 0.08], [61119.5, 0.32706], [61119.44, 0.04], [61119.27, 0.190377], [61119.17, 0.545099], [61119.1, 0.05], [61119.0, 0.001], [61118.97, 0.604588], [61118.84, 0.16], [61118.81, 0.00013], [61118.77, 0.131116], [61118.67, 8e-06], [61118.66, 0.23091], [61118.57, 0.000992], [61118.56, 0.05454], [61118.27, 0.02], [61118.17, 0.016247], [61118.14, 0.32], [61118.13, 0.06548], [61117.91, 0.00039], [61117.77, 0.028394], [61117.55, 0.04984], [61117.29, 0.03268], [61117.28, 0.98637], [61117.07, 0.000388], [61116.94, 0.15948], [61116.77, 0.163698], [61116.7, 0.00039], [61116.67, 0.258766], [61116.57, 0.404223], [61116.48, 0.0004], [61116.47, 0.04], [61116.24, 0.09109], [61115.78, 9e-05], [61115.77, 0.028395], [61115.71, 0.00032], [61115.67, 0.089371], [61115.57, 0.303278], [61115.38, 0.04429], [61115.27, 0.130806], [61115.17, 0.049078], [61114.96, 1.14596], [61114.95, 0.49125], [61114.94, 0.54548], [61114.88, 0.0004], [61114.77, 0.004819], [61114.61, 0.06086], [61114.49, 0.47244], [61114.45, 0.3272], [61114.36, 0.24562], [61114.35, 0.017], [61114.33, 0.00017], [61114.26, 1.10727], [61114.25, 0.1146], [61114.19, 0.04435], [61114.07, 0.23052], [61113.77, 0.274019], [61113.76, 0.0001], [61113.68, 0.65457], [61113.57, 0.40883], [61113.47, 0.183398], [61113.32, 0.00042]]}}
{"topic": "SPOT_BTC_USDT@orderbook", "ts": 1727922912047, "data": {"symbol": "SPOT_BTC_USDT", "asks": [[61152.24, 6.877027], [61152.28, 0.00101], [61152.39, 0.00042], [61152.51, 0.88814], [61152.52, 1.1293], [61152.63, 0.03272], [61152.65, 0.0001], [61152.66, 0.0001], [61152.67, 0.0001], [61152.68, 0.0635], [61152.73, 0.07705], [61152.79, 0.0001], [61152.8, 1.1563], [61152.83, 0.02], [61153.12, 0.06926], [61153.23, 0.163563], [61153.43, 0.245624], [61153.46, 0.04211], [61153.53, 0.253728], [61153.73, 0.1308], [61154.22, 0.86591], [61154.23, 0.1548], [61154.83, 0.011151], [61155.03, 0.057281], [61155.13, 0.019099], [61155.22, 0.01], [61155.23, 0.000621], [61155.43, 0.008837], [61155.45, 0.00032], [61155.88, 2.52482], [61156.23, 0.352322], [61156.43, 0.46459], [61156.63, 0.683762], [61156.73, 0.018499], [61156.93, 0.404223], [61157.15, 0.01317], [61157.22, 0.40639], [61157.23, 0.149294], [61157.31, 0.04689], [61157.33, 0.12368], [61157.63, 9e-05], [61157.68, 0.12], [61157.83, 0.16365], [61158.03, 9e-06], [61158.13, 1.0], [61158.23, 0.157277], [61158.24, 0.12], [61158.25, 0.49067], [61158.5, 0.00032], [61158.74, 0.00013], [61158.89, 0.07021], [61158.92, 0.00033], [61158.93, 0.440999], [61159.13, 1.4e-05], [61159.22, 0.16355], [61159.3, 0.001], [61159.47, 0.07044], [61159.63, 0.327188], [61159.73, 0.245622], [61159.83, 0.021858], [61159.99, 0.24562], [61160.0, 0.40422], [61160.13, 0.470544], [61160.21, 0.71353], [61160.23, 0.163198], [61160.66, 9e-05], [61160.73, 0.130799], [61160.93, 0.668239], [61161.03, 0.36873], [61161.1, 0.5451], [61161.29, 0.13761], [61161.45, 0.23052], [61161.51, 0.08177], [61161.63, 0.5451], [61161.73, 0.04], [61162.05, 0.32706], [61162.23, 0.1692], [61162.26, 0.32708], [61162.57, 0.06164], [61162.74, 0.408829], [61162.84, 0.32707], [61162.94, 0.02], [61163.04, 0.12796], [61163.28, 0.01317], [61163.64, 0.037521], [61163.7, 9e-05], [61163.94, 0.015997], [61164.2, 0.25241], [61164.21, 0.35038], [61164.24, 0.301], [61164.36, 0.00823], [61164.74, 0.000304], [61164.84, 0.01], [61164.85, 0.00013], [61165.04, 0.01], [61165.14, 0.004994], [61165.24, 0.000513], [61165.43, 0.00036], [61165.64, 0.015998], [61165.89, 0.23572]], "bids": [[61127.77, 0.061522], [61127.73, 0.00033], [61127.67, 0.130795], [61127.37, 5.9e-05], [61125.77, 0.106531], [61124.88, 0.00032], [61124.77, 0.007187], [61124.47, 0.001558], [61124.1, 0.32715], [61124.01, 0.04983], [61124.0, 0.06018], [61123.77, 0.10579], [61123.26, 0.03272], [61123.24, 0.01], [61123.01, 0.17285], [61123.0, 0.0713], [61122.59, 0.00036], [61122.27, 0.130792], [61122.25, 0.08764], [61122.21, 0.00033], [61121.9, 9e-05], [61121.83, 0.00132], [61121.77, 0.028467], [61121.58, 0.00818], [61121.57, 0.009], [61121.55, 0.00036], [61121.47, 4e-06], [61120.57, 0.06037], [61120.49, 0.24562], [61120.45, 0.00017], [61120.14, 0.52949], [61119.77, 0.028394], [61119.58, 0.40424], [61119.5, 0.32706], [61119.44, 0.04], [61119.27, 0.003559], [61119.17, 0.545099], [61119.0, 0.001], [61118.9, 0.08], [61118.84, 0.16], [61118.81, 0.00013], [61118.77, 0.131116], [61118.66, 0.00039], [61118.57, 0.000992], [61118.56, 0.05454], [61118.29, 0.06945], [61118.13, 0.06548], [61117.91, 0.00039], [61117.77, 0.028393], [61117.57, 0.016309], [61117.55, 0.04984], [61117.47, 0.016309], [61117.46, 0.05], [61117.28, 0.98637], [61117.2, 0.32], [61117.07, 0.000388], [61116.94, 0.15948], [61116.7, 0.00039], [61116.57, 0.18236], [61116.48, 0.0004], [61116.47, 0.04], [61116.24, 0.09109], [61115.78, 9e-05], [61115.77, 0.432637], [61115.71, 0.00032], [61115.57, 0.303277], [61115.38, 0.04429], [61115.27, 0.130806], [61114.96, 1.14596], [61114.95, 0.49125], [61114.94, 0.54548], [61114.88, 0.0004], [61114.77, 0.163601], [61114.61, 0.06086], [61114.45, 0.3272], [61114.36, 0.24562], [61114.35, 0.017], [61114.33, 0.00017], [61114.26, 1.10727], [61114.25, 0.1146], [61114.19, 0.04435], [61113.77, 0.028394], [61113.76, 0.0001], [61113.68, 0.65457], [61113.47, 0.183398], [61113.32, 0.00042], [61113.27, 0.095933], [61113.17, 0.490588], [61112.98, 0.06512], [61112.97, 0.001854], [61112.78, 0.00163], [61112.71, 0.00013], [61112.67, 0.81822], [61112.66, 0.00032], [61112.52, 0.05229], [61112.33, 0.001], [61112.27, 3e-06], [61112.07, 0.163698], [61111.87, 0.148823], [61111.77, 0.159195]]}}
{"topic": "SPOT_BTC_USDT@orderbook", "ts": 1727922912479, "data": {"symbol": "SPOT_BTC_USDT", "asks": [[61152.24, 5.860187], [61152.28, 0.11627], [61152.39, 0.00042], [61152.51, 0.88814], [61152.52, 1.1293], [61152.61, 0.40434], [61152.63, 0.03272], [61152.65, 0.0001], [61152.66, 0.0001], [61152.67, 0.0001], [61152.68, 0.0635], [61152.73, 0.070503], [61152.8, 0.92578], [61153.12, 0.06926], [61153.23, 0.163563], [61153.43, 0.245623], [61153.46, 0.04211], [61153.53, 0.366876], [61153.73, 0.1308], [61153.83, 0.49071], [61154.0, 0.08357], [61154.22, 0.86591], [61154.23, 0.1548], [61154.53, 0.02], [61154.83, 0.011151], [61155.03, 0.057281], [61155.13, 0.509809], [61155.22, 0.01], [61155.23, 0.00062], [61155.43, 0.006546], [61155.45, 0.00032], [61155.83, 0.09308], [61155.88, 2.52482], [61156.13, 0.021858], [61156.23, 0.347449], [61156.43, 0.46459], [61156.63, 0.285667], [61156.73, 0.018499], [61157.15, 0.01317], [61157.22, 0.40639], [61157.23, 0.149294], [61157.31, 0.04689], [61157.33, 0.12368], [61157.63, 9e-05], [61157.68, 0.12], [61157.83, 0.16365], [61158.03, 9e-06], [61158.2, 0.40883], [61158.23, 0.157277], [61158.24, 0.12], [61158.25, 0.49067], [61158.5, 0.00032], [61158.74, 0.00013], [61158.89, 0.07021], [61158.92, 0.00033], [61158.93, 0.440999], [61159.13, 1.4e-05], [61159.22, 0.16355], [61159.3, 0.001], [61159.47, 0.07044], [61159.73, 0.245621], [61159.96, 0.15325], [61160.13, 0.709125], [61160.21, 0.71353], [61160.23, 0.163198], [61160.33, 0.145017], [61160.66, 9e-05], [61160.73, 1.130799], [61160.93, 0.668239], [61161.03, 0.36873], [61161.1, 0.5451], [61161.45, 0.23052], [61161.51, 0.08177], [61161.63, 0.545098], [61161.73, 0.04], [61162.05, 0.32706], [61162.23, 0.1702], [61162.26, 0.32708], [61162.74, 0.408828], [61162.84, 0.524199], [61162.94, 0.019999], [61163.04, 0.019993], [61163.24, 0.0005], [61163.28, 0.01317], [61163.7, 9e-05], [61163.94, 0.015997], [61164.21, 0.35038], [61164.24, 0.3], [61164.36, 0.00823], [61164.74, 0.000304], [61164.84, 0.01], [61164.85, 0.00013], [61165.04, 0.01], [61165.14, 0.004994], [61165.24, 1.3e-05], [61165.43, 0.00036], [61165.64, 0.015998], [61165.84, 0.327168], [61165.89, 0.23572], [61165.94, 0.163698]], "bids": [[61127.77, 1.658742], [61127.73, 0.00033], [61127.67, 0.130795], [61127.37, 5.9e-05], [61125.79, 0.14883], [61125.77, 0.237331], [61124.88, 0.00032], [61124.77, 0.04168], [61124.47, 0.001558], [61124.0, 0.06018], [61123.77, 0.10579], [61123.27, 0.29328], [61123.26, 0.03272], [61123.24, 0.12526], [61123.0, 0.0713], [61122.59, 0.00036], [61122.27, 0.130792], [61122.25, 0.08764], [61122.21, 0.00033], [61121.9, 9e-05], [61121.83, 0.00132], [61121.77, 0.105867], [61121.58, 0.00818], [61121.57, 0.009], [61121.55, 0.00036], [61121.47, 4e-06], [61121.21, 0.06995], [61120.57, 0.06037], [61120.51, 1.14596], [61120.5, 0.1146], [61120.49, 0.24562], [61120.45, 0.00017], [61120.16, 0.58899], [61119.94, 0.40883], [61119.87, 0.02322], [61119.77, 0.105794], [61119.5, 0.32706], [61119.49, 0.40424], [61119.44, 0.04], [61119.27, 0.003559], [61119.17, 0.545099], [61119.0, 0.001], [61118.9, 0.08], [61118.87, 0.142088], [61118.84, 0.16], [61118.81, 0.00013], [61118.77, 0.131116], [61118.66, 0.11565], [61118.57, 0.441992], [61118.56, 0.05454], [61118.29, 0.06945], [61118.13, 0.06548], [61117.91, 0.00039], [61117.77, 0.028393], [61117.55, 0.04984], [61117.47, 0.016309], [61117.46, 0.05], [61117.37, 0.016309], [61117.29, 0.03268], [61117.28, 0.98637], [61117.2, 0.32], [61117.07, 0.000388], [61116.94, 0.15948], [61116.7, 0.00039], [61116.57, 0.203978], [61116.48, 0.0004], [61116.47, 0.04], [61116.24, 0.09109], [61115.78, 9e-05], [61115.77, 0.028395], [61115.71, 0.00032], [61115.67, 0.097515], [61115.57, 0.303275], [61115.38, 0.04429], [61115.27, 0.535048], [61114.96, 1.14596], [61114.95, 0.49125], [61114.94, 0.54548], [61114.88, 0.0004], [61114.77, 0.163601], [61114.61, 0.06086], [61114.45, 0.3272], [61114.36, 0.24562], [61114.35, 0.017], [61114.33, 0.00017], [61114.26, 1.10727], [61114.25, 0.1146], [61114.19, 0.04435], [61114.07, 0.11526], [61114.03, 0.0002], [61113.77, 0.028393], [61113.76, 0.0001], [61113.68, 0.65457], [61113.57, 0.40883], [61113.47, 0.58855], [61113.37, 0.245624], [61113.32, 0.00042], [61113.17, 0.490588], [61112.98, 0.06512], [61112.78, 0.00163]]}}
{"topic": "SPOT_BTC_USDT@orderbook", "ts": 1727922913034, "data": {"symbol": "SPOT_BTC_USDT", "asks": [[61152.24, 6.384314], [61152.28, 0.00101], [61152.38, 0.01607], [61152.39, 0.00042], [61152.51, 0.88814], [61152.52, 1.1293], [61152.61, 0.40434], [61152.63, 0.03272], [61152.65, 0.0001], [61152.66, 0.0001], [61152.67, 0.0001], [61152.68, 0.0634], [61152.73, 0.070503], [61152.8, 0.92578], [61153.12, 0.06926], [61153.23, 0.163563], [61153.43, 0.245623], [61153.46, 0.04211], [61153.53, 0.366876], [61153.73, 0.1308], [61154.0, 0.08357], [61154.22, 0.86591], [61154.23, 0.1548], [61154.53, 0.02], [61154.6, 9e-05], [61154.83, 0.011151], [61155.03, 0.057281], [61155.13, 0.019099], [61155.22, 0.01], [61155.23, 0.49082], [61155.43, 0.006546], [61155.45, 0.00032], [61155.88, 2.50924], [61156.03, 0.093932], [61156.13, 0.021858], [61156.23, 0.361449], [61156.43, 0.49071], [61156.63, 0.438015], [61156.73, 0.018499], [61157.15, 0.01317], [61157.22, 0.40639], [61157.23, 0.149294], [61157.33, 0.12368], [61157.63, 9e-05], [61157.68, 0.12], [61157.73, 0.49071], [61157.83, 0.16365], [61158.03, 9e-06], [61158.23, 0.171277], [61158.24, 0.12], [61158.25, 0.49067], [61158.5, 0.00032], [61158.72, 0.04689], [61158.74, 0.00013], [61158.89, 0.07021], [61158.92, 0.00033], [61158.93, 0.440999], [61159.13, 1.4e-05], [61159.22, 0.16355], [61159.3, 0.001], [61159.47, 0.07044], [61159.73, 0.245621], [61159.96, 0.15325], [61160.13, 0.709125], [61160.21, 0.71353], [61160.23, 0.177198], [61160.53, 0.135192], [61160.66, 9e-05], [61160.73, 1.130799], [61160.93, 0.668239], [61161.03, 0.36873], [61161.1, 0.5451], [61161.45, 0.23052], [61161.51, 0.08177], [61161.63, 0.545098], [61161.73, 0.06], [61161.83, 0.02], [61162.05, 0.32706], [61162.23, 0.1802], [61162.26, 0.32708], [61162.84, 0.327069], [61163.24, 0.0005], [61163.28, 0.01317], [61163.7, 9e-05], [61163.94, 0.015997], [61164.14, 0.081723], [61164.21, 0.35038], [61164.24, 0.31], [61164.36, 0.00823], [61164.74, 0.000304], [61164.84, 0.01], [61164.85, 0.00013], [61165.04, 0.01], [61165.14, 0.004994], [61165.24, 1.3e-05], [61165.43, 0.00036], [61165.64, 0.015998], [61165.89, 0.23572], [61165.94, 0.163698], [61166.04, 0.435302]], "bids": [[61127.77, 1.318192], [61127.73, 0.00033], [61127.67, 0.130795], [61127.37, 5.9e-05], [61125.79, 0.14883], [61125.77, 0.237331], [61124.88, 0.00032], [61124.77, 0.04168], [61124.47, 0.001558], [61124.0, 0.06018], [61123.77, 0.10579], [61123.27, 0.57706], [61123.26, 0.03272], [61123.24, 0.12526], [61123.0, 0.0713], [61122.59, 0.00036], [61122.27, 0.130792], [61122.25, 0.08764], [61122.21, 0.00033], [61121.9, 9e-05], [61121.87, 0.049165], [61121.83, 0.00132], [61121.77, 0.105867], [61121.58, 0.00818], [61121.57, 0.009], [61121.55, 0.00036], [61121.47, 4e-06], [61121.21, 0.06995], [61120.57, 0.06037], [61120.51, 1.14596], [61120.5, 0.1146], [61120.49, 0.24562], [61120.45, 0.00017], [61120.16, 0.58899], [61119.94, 0.40883], [61119.77, 0.105794], [61119.5, 0.32706], [61119.49, 0.40424], [61119.44, 0.04], [61119.27, 0.003559], [61119.17, 0.545099], [61119.0, 0.001], [61118.9, 0.08], [61118.87, 0.142088], [61118.84, 0.16], [61118.81, 0.00013], [61118.77, 0.131116], [61118.67, 0.016307], [61118.66, 0.23091], [61118.57, 0.458299], [61118.56, 0.05454], [61118.29, 0.06945], [61118.13, 0.06548], [61117.91, 0.00039], [61117.77, 0.028393], [61117.55, 0.04984], [61117.46, 0.05], [61117.29, 0.03268], [61117.28, 0.98637], [61117.2, 0.32], [61117.07, 0.000388], [61116.94, 0.15948], [61116.7, 0.00039], [61116.57, 0.203978], [61116.48, 0.0004], [61116.47, 0.04], [61116.24, 0.09109], [61115.78, 9e-05], [61115.77, 0.117891], [61115.71, 0.00032], [61115.57, 0.303275], [61115.38, 0.04429], [61115.27, 0.535048], [61114.96, 1.14596], [61114.95, 0.49125], [61114.94, 0.54548], [61114.88, 0.0004], [61114.77, 0.163601], [61114.61, 0.06086], [61114.45, 0.3272], [61114.36, 0.24562], [61114.35, 0.017], [61114.33, 0.00017], [61114.26, 1.10727], [61114.25, 0.1146], [61114.19, 0.04435], [61114.07, 0.23052], [61114.03, 0.0002], [61113.77, 0.028393], [61113.76, 0.0001], [61113.68, 0.65457], [61113.57, 0.40883], [61113.47, 0.45647], [61113.37, 0.245624], [61113.32, 0.00042], [61113.17, 0.490588], [61112.98, 0.06512], [61112.78, 0.00163], [61112.77, 0.004826], [61112.71, 0.00013]]}}
{"topic": "SPOT_BTC_USDT@orderbook", "ts": 1727922913477, "data": {"symbol": "SPOT_BTC_USDT", "asks": [[61152.24, 6.909314], [61152.28, 0.0001], [61152.38, 0.01607], [61152.39, 0.00042], [61152.51, 0.88814], [61152.52, 1.1293], [61152.61, 0.40434], [61152.63, 0.03272], [61152.65, 0.0001], [61152.66, 0.0001], [61152.67, 0.0001], [61152.68, 0.0634], [61152.73, 0.070503], [61152.8, 0.92578], [61153.03, 1.5e-05], [61153.12, 0.06926], [61153.23, 0.163563], [61153.43, 0.245623], [61153.46, 0.04211], [61153.53, 0.279329], [61153.73, 0.62151], [61153.89, 0.09059], [61154.03, 0.055083], [61154.22, 0.86591], [61154.23, 0.1548], [61154.53, 0.02], [61154.6, 9e-05], [61154.63, 0.16365], [61154.93, 1e-05], [61155.03, 0.057281], [61155.13, 0.015998], [61155.22, 0.01], [61155.23, 0.00062], [61155.43, 0.006546], [61155.45, 0.00032], [61155.73, 0.000148], [61155.88, 2.50924], [61156.13, 0.021858], [61156.23, 0.361449], [61156.63, 0.641365], [61156.73, 0.0235], [61156.83, 0.49071], [61156.86, 0.11526], [61157.15, 0.01317], [61157.22, 0.40639], [61157.23, 0.149294], [61157.33, 0.12368], [61157.63, 1.00009], [61157.68, 0.12], [61158.03, 9e-06], [61158.23, 0.171277], [61158.24, 0.12], [61158.25, 0.49067], [61158.5, 0.00032], [61158.72, 0.04689], [61158.74, 0.00013], [61158.83, 0.06164], [61158.89, 0.07021], [61158.92, 0.00033], [61158.93, 0.440999], [61159.13, 1.4e-05], [61159.22, 0.16355], [61159.3, 0.001], [61159.47, 0.07044], [61159.63, 0.327192], [61159.73, 0.245621], [61159.96, 0.15325], [61160.13, 0.470543], [61160.21, 0.71353], [61160.23, 0.177198], [61160.66, 9e-05], [61160.73, 0.130799], [61160.83, 0.037522], [61160.93, 0.668239], [61161.03, 0.36873], [61161.1, 0.5451], [61161.45, 0.23052], [61161.51, 0.08177], [61161.63, 0.545097], [61161.73, 0.06], [61161.83, 0.02], [61162.05, 0.32706], [61162.23, 0.1842], [61162.26, 0.32708], [61162.84, 0.327069], [61163.24, 0.0005], [61163.28, 0.01317], [61163.68, 0.24562], [61163.7, 9e-05], [61163.84, 0.3273], [61163.94, 0.015997], [61164.14, 0.081721], [61164.21, 0.23558], [61164.24, 0.314], [61164.36, 0.00823], [61164.74, 0.000304], [61164.84, 0.01], [61164.85, 0.00013], [61165.04, 0.01], [61165.14, 0.004994]], "bids": [[61127.77, 0.058812], [61127.67, 0.130795], [61127.37, 5.9e-05], [61125.8, 0.00182], [61125.77, 0.029131], [61124.88, 0.00032], [61124.02, 0.06477], [61124.0, 0.06018], [61123.77, 0.10579], [61123.27, 0.26992], [61123.26, 0.03272], [61123.24, 0.01], [61123.0, 0.0713], [61122.59, 0.00036], [61122.27, 0.130792], [61122.25, 0.08764], [61122.21, 0.00033], [61121.9, 9e-05], [61121.83, 0.00132], [61121.77, 0.028391], [61121.57, 0.009], [61121.55, 0.00036], [61121.47, 4e-06], [61120.57, 0.06037], [61120.5, 0.1146], [61120.49, 0.24562], [61120.45, 0.00017], [61120.16, 0.58899], [61119.77, 0.028394], [61119.5, 0.32706], [61119.49, 0.40424], [61119.27, 0.003559], [61119.17, 0.545099], [61119.0, 0.001], [61118.9, 0.08], [61118.84, 0.16], [61118.81, 0.00013], [61118.8, 0.04], [61118.77, 0.131116], [61118.66, 0.00039], [61118.57, 0.000991], [61118.56, 0.05454], [61118.13, 0.06548], [61117.91, 0.00039], [61117.77, 0.028393], [61117.55, 0.04984], [61117.46, 0.05], [61117.28, 0.98637], [61117.2, 0.32], [61117.07, 0.000388], [61116.94, 0.15948], [61116.87, 0.016309], [61116.77, 0.016309], [61116.7, 0.00039], [61116.57, 0.203978], [61116.48, 0.0004], [61116.24, 0.09109], [61115.78, 9e-05], [61115.77, 0.068394], [61115.71, 0.00032], [61115.57, 0.303275], [61115.38, 0.04429], [61115.27, 0.535048], [61114.96, 1.14596], [61114.95, 0.49125], [61114.94, 0.54548], [61114.88, 0.0004], [61114.77, 0.163601], [61114.61, 0.06086], [61114.36, 0.24562], [61114.35, 0.017], [61114.33, 0.00017], [61114.26, 1.10727], [61114.25, 0.1146], [61114.19, 0.04435], [61114.07, 0.11526], [61114.03, 0.0002], [61113.77, 0.028393], [61113.76, 0.0001], [61113.68, 0.65457], [61113.57, 0.40883], [61113.47, 0.45647], [61113.37, 0.245624], [61113.32, 0.00042], [61113.17, 0.490588], [61112.98, 0.06512], [61112.78, 0.00163], [61112.71, 0.00013], [61112.67, 0.81822], [61112.66, 0.00032], [61112.52, 0.05229], [61112.33, 0.001], [61112.27, 3e-06], [61112.07, 0.163698], [61111.77, 0.159195], [61111.75, 0.03143], [61111.67, 0.055083], [61111.57, 0.001999], [61111.56, 0.00019], [61111.35, 0.5451]]}}
