ts,price,spread,size_spread
1727742410008.0,2610.3,1.0700000000001637,28.311
1727742411007.0,2610.3,1.0700000000001637,20.8223
1727742412008.0,2610.3,1.0700000000001637,-27.4347
1727742413008.0,2610.3,1.0700000000001637,19.1345
1727742414007.0,2610.3,1.0700000000001637,18.3549
1727742415008.0,2610.2,1.0700000000001637,7.692799999999999
1727742416008.0,2609.7,1.0700000000001637,-40.123000000000005
1727742417008.0,2609.7,1.0700000000001637,-5.140499999999999
1727742418008.0,2610.1,1.069999999999709,12.299499999999998
1727742419008.0,2609.9,1.0700000000001637,-17.4264
1727742420008.0,2609.8,1.0700000000001637,-0.5528030000000008
1727742421007.0,2609.4,1.069999999999709,47.4835
1727742422008.0,2608.6,1.0700000000001637,-6.1754999999999995
1727742423008.0,2608.6,1.0700000000001637,24.7964
1727742424007.0,2608.5,1.0700000000001637,2.393699999999999
1727742425008.0,2609.0,1.0700000000001637,8.042950000000001
1727742426009.0,2609.0,1.069999999999709,3.9251000000000005
1727742427008.0,2609.0,1.069999999999709,-2.957600000000003
1727742428008.0,2609.7,1.069999999999709,-3.9213000000000005
1727742429009.0,2609.8,1.0700000000001637,-45.7796
1727742430008.0,2610.3,1.0700000000001637,-20.3912
1727742431007.0,2610.3,1.0700000000001637,-13.1372
1727742432008.0,2610.4,1.0700000000001637,-43.739599999999996
1727742433008.0,2610.3,1.0700000000001637,23.1009
1727742434008.0,2610.0,1.0700000000001637,17.661099999999998
1727742435008.0,2609.9,1.0700000000001637,4.5763890000000025
1727742436008.0,2609.6,1.0700000000001637,11.339267000000003
1727742437007.0,2609.5,1.069999999999709,-38.0859
1727742438008.0,2609.8,1.0700000000001637,-44.7667
1727742439008.0,2610.1,1.0700000000001637,-37.076499999999996
1727742440008.0,2610.5,1.069999999999709,-34.3637
1727742441007.0,2610.6,1.0700000000001637,-24.9669
1727742442008.0,2610.7,1.0700000000001637,-36.0303
1727742443008.0,2610.8,1.069999999999709,-54.9856
1727742444007.0,2610.8,1.0700000000001637,31.4795
1727742445007.0,2610.8,1.0700000000001637,-13.4782
1727742446008.0,2611.2,1.069999999999709,-65.56209999999999
1727742447008.0,2611.3,1.069999999999709,-18.2203
1727742448008.0,2612.1,1.0700000000001637,-2.84535
1727742449008.0,2612.1,1.0700000000001637,3.204650000000001
1727742450008.0,2612.6,1.0700000000001637,-2.0312669999999997
1727742451008.0,2612.4,1.0700000000001637,-0.012299999999999756
1727742452008.0,2612.9,1.0700000000001637,4.975275999999999
1727742453008.0,2612.4,1.0700000000001637,15.1366
1727742454008.0,2612.5,1.0700000000001637,-73.2174
1727742455007.0,2612.7,1.0700000000001637,2.985099999999999
1727742456008.0,2612.8,1.0700000000001637,-12.552799999999998
1727742457008.0,2613.0,1.069999999999709,-18.877646000000002
1727742458008.0,2613.0,1.069999999999709,17.808500000000002
1727742459008.0,2612.4,1.0700000000001637,41.049457000000004
1727742460008.0,2612.4,1.0700000000001637,26.662156999999997
1727742461012.0,2612.6,1.0700000000001637,-83.7662
1727742462009.0,2612.7,1.0700000000001637,-105.3576
1727742463007.0,2612.7,1.0700000000001637,-80.22040000000001
1727742464008.0,2613.0,1.069999999999709,63.0128
1727742465008.0,2612.6,1.0700000000001637,21.87266
1727742466008.0,2612.5,1.0700000000001637,38.122499999999995
1727742467008.0,2612.5,1.0700000000001637,27.241
1727742468008.0,2612.4,1.069999999999709,5.9114
1727742469007.0,2612.4,1.069999999999709,9.3525
1727742470008.0,2612.4,1.069999999999709,7.967500000000001
1727742471008.0,2612.6,1.0700000000001637,-36.4969
1727742472008.0,2612.7,1.069999999999709,-58.6562
1727742473009.0,2612.3,1.069999999999709,46.248799999999996
1727742474008.0,2611.7,1.069999999999709,37.0509
1727742475008.0,2611.5,1.0700000000001637,30.694300000000002
1727742476008.0,2611.4,1.0700000000001637,39.934200000000004
1727742477008.0,2611.4,1.0700000000001637,-4.363299999999999
1727742478008.0,2611.3,1.0700000000001637,-34.3671
1727742479008.0,2610.8,1.0700000000001637,12.7335
1727742480008.0,2610.7,1.0700000000001637,19.723200000000002
1727742481007.0,2610.9,1.0700000000001637,17.547511999999998
1727742482008.0,2611.0,1.0700000000001637,-21.561899999999998
1727742483008.0,2611.0,1.0700000000001637,-1.1772000000000027
1727742484008.0,2611.0,1.0700000000001637,-3.580300000000001
1727742485008.0,2611.0,1.0700000000001637,-0.45989999999999753
1727742486008.0,2611.0,1.0700000000001637,-16.077800000000003
1727742487008.0,2611.3,1.0700000000001637,-36.3493
1727742488007.0,2611.4,1.0700000000001637,16.619
1727742489008.0,2611.4,1.0700000000001637,-29.1455
1727742490008.0,2611.4,1.0700000000001637,-31.574099999999998
1727742491008.0,2611.4,1.0700000000001637,-32.9972
1727742492008.0,2611.8,1.0700000000001637,-47.54900000000001
1727742493008.0,2611.9,1.0700000000001637,-11.843600000000002
1727742494009.0,2611.7,1.0700000000001637,62.7732
1727742495007.0,2611.6,1.0700000000001637,21.3047
1727742496008.0,2611.6,1.0700000000001637,24.784799999999997
1727742497008.0,2611.6,1.0700000000001637,14.4079
1727742498007.0,2611.6,1.0700000000001637,25.783
1727742499007.0,2611.6,1.0700000000001637,23.0937
1727742500009.0,2611.6,1.0700000000001637,27.325499999999998
1727742501008.0,2611.3,1.0700000000001637,-39.566199999999995
1727742502007.0,2611.3,1.0700000000001637,-29.385
1727742503007.0,2610.7,1.069999999999709,22.564300000000003
1727742504007.0,2610.3,1.0700000000001637,-12.770299
1727742505007.0,2610.2,1.0700000000001637,-13.010299
1727742506008.0,2609.8,1.069999999999709,58.9456
1727742507008.0,2609.4,1.0700000000001637,43.3255
1727742508008.0,2609.4,1.0700000000001637,-26.701400000000003
1727742509008.0,2609.4,1.0700000000001637,-1.7515999999999998
1727742510007.0,2609.4,1.0700000000001637,26.7656
1727742511008.0,2608.8,1.0700000000001637,9.0231
1727742512010.0,2608.5,1.0700000000001637,-14.7862
1727742513008.0,2608.5,1.0700000000001637,-27.727600000000002
1727742514007.0,2608.5,1.0700000000001637,-12.7771
1727742515008.0,2608.5,1.0700000000001637,-23.829099999999997
1727742516008.0,2608.5,1.0700000000001637,14.7209
1727742517008.0,2608.5,1.0700000000001637,-30.961399999999998
1727742518008.0,2608.5,1.0700000000001637,-39.011700000000005
1727742519008.0,2608.9,1.0700000000001637,-35.9543
1727742520008.0,2609.2,1.0700000000001637,-39.4608
1727742521008.0,2609.3,1.0700000000001637,-54.1765
1727742522008.0,2609.4,1.0700000000001637,-31.4065
1727742523008.0,2609.4,1.0700000000001637,5.2599
1727742524007.0,2609.4,1.0700000000001637,-7.3108
1727742525007.0,2609.4,1.0700000000001637,-30.925700000000003
1727742526008.0,2609.4,1.0700000000001637,19.575154
1727742527007.0,2609.4,1.0700000000001637,-11.994146
1727742528007.0,2609.3,1.0700000000001637,23.0912
1727742529008.0,2609.3,1.0700000000001637,49.6877
1727742530008.0,2609.1,1.069999999999709,62.250800000000005
1727742531008.0,2609.1,1.069999999999709,52.2206
1727742532007.0,2609.1,1.069999999999709,53.504
1727742533008.0,2609.1,1.069999999999709,42.2526
1727742534008.0,2609.2,1.069999999999709,-38.442
1727742535007.0,2609.3,1.0700000000001637,-62.183099999999996
1727742536007.0,2609.8,1.0700000000001637,9.004999999999999
1727742537008.0,2610.3,1.0700000000001637,-34.869
1727742538008.0,2610.7,1.0700000000001637,-36.011638000000005
1727742539007.0,2610.9,1.069999999999709,-23.2219
1727742540007.0,2610.9,1.069999999999709,-34.77910000000001
1727742541007.0,2610.9,1.069999999999709,-28.4572
1727742542008.0,2611.2,1.069999999999709,-55.8467
1727742543007.0,2611.8,1.0700000000001637,-2.195599999999999
1727742544008.0,2611.0,1.0700000000001637,23.836097
1727742545008.0,2610.9,1.0700000000001637,10.776596999999999
1727742546009.0,2610.6,1.0700000000001637,28.0195
1727742547007.0,2610.0,1.0700000000001637,8.533399999999999
1727742548008.0,2609.8,1.069999999999709,-2.5074000000000005
1727742549009.0,2609.8,1.069999999999709,28.8393
1727742550009.0,2609.8,1.069999999999709,-25.7553
1727742551007.0,2609.8,1.0700000000001637,-42.8769
1727742552008.0,2609.6,1.0700000000001637,46.7671
1727742553008.0,2609.6,1.0700000000001637,-12.813200000000002
1727742554008.0,2609.6,1.0700000000001637,10.1196
1727742555007.0,2609.6,1.0700000000001637,-26.0467
1727742556009.0,2609.7,1.0700000000001637,-78.6264
1727742557008.0,2609.8,1.069999999999709,-73.9277
1727742558008.0,2609.9,1.069999999999709,-20.735
1727742559008.0,2609.9,1.069999999999709,-1.9009999999999998
1727742560009.0,2610.0,1.0700000000001637,-62.48459999999999
1727742561008.0,2610.4,1.0700000000001637,-38.699397999999995
1727742562008.0,2610.4,1.0700000000001637,-46.565578
1727742563007.0,2610.4,1.0700000000001637,9.137899999999998
1727742564008.0,2610.3,1.0700000000001637,18.501017
1727742565008.0,2610.3,1.0700000000001637,22.3932
1727742566008.0,2610.3,1.0700000000001637,7.170199999999998
1727742567009.0,2610.4,1.0700000000001637,-46.099199999999996
1727742568008.0,2610.7,1.0700000000001637,-27.147706
1727742569008.0,2610.8,1.0700000000001637,-29.2528
1727742570008.0,2610.9,1.0700000000001637,-46.674099999999996
1727742571008.0,2610.9,1.0700000000001637,8.284200000000002
1727742572008.0,2610.9,1.0700000000001637,36.367599999999996
1727742573007.0,2610.9,1.0700000000001637,1.228873
1727742574008.0,2611.8,1.0700000000001637,92.62270000000001
1727742575009.0,2611.9,1.0700000000001637,96.970639
1727742576008.0,2612.5,1.069999999999709,-64.0293
1727742577008.0,2612.8,1.0700000000001637,40.172534999999996
1727742578009.0,2612.8,1.069999999999709,59.06
1727742579007.0,2612.8,1.069999999999709,62.7437
1727742580008.0,2612.4,1.0700000000001637,51.809900000000006
1727742581008.0,2612.3,1.0700000000001637,68.00630000000001
1727742582008.0,2612.5,1.0700000000001637,-120.8962
1727742583008.0,2612.6,1.0700000000001637,-15.8341
1727742584008.0,2612.5,1.069999999999709,39.407300000000006
1727742585008.0,2612.5,1.069999999999709,43.801100000000005
1727742586008.0,2612.4,1.069999999999709,51.8219
1727742587008.0,2612.4,1.0700000000001637,-68.362418
1727742588008.0,2612.5,1.0700000000001637,-30.9349
1727742589008.0,2612.4,1.069999999999709,60.5284
1727742590008.0,2612.3,1.069999999999709,66.33409999999999
1727742591008.0,2612.2,1.0700000000001637,23.994300000000003
1727742592008.0,2612.0,1.0700000000001637,-16.3791
1727742593008.0,2611.9,1.0700000000001637,-50.806958
1727742594008.0,2611.9,1.0700000000001637,-24.490418000000002
1727742595007.0,2611.9,1.0700000000001637,-3.9614819999999966
1727742596008.0,2611.9,1.0700000000001637,-11.706882
1727742597009.0,2611.9,1.0700000000001637,-12.096282000000002
1727742598009.0,2611.9,1.0700000000001637,-12.141182
1727742599008.0,2611.6,1.0700000000001637,-21.6226
1727742600008.0,2611.7,1.0700000000001637,-24.4661
1727742601008.0,2611.3,1.0700000000001637,-45.827856
1727742602008.0,2611.7,1.0700000000001637,55.0132
1727742603008.0,2611.6,1.0700000000001637,-36.026996000000004
1727742604008.0,2611.8,1.069999999999709,-7.058679999999999
1727742605007.0,2611.6,1.0700000000001637,-43.205769
1727742606009.0,2611.9,1.0700000000001637,-66.7863
1727742607008.0,2612.1,1.069999999999709,-38.6598
1727742608008.0,2612.3,1.069999999999709,-44.685399999999994
1727742609008.0,2612.4,1.0700000000001637,-33.2044
1727742610008.0,2612.4,1.0700000000001637,-18.1059
1727742611008.0,2613.1,1.0700000000001637,-49.7357
1727742612008.0,2612.7,1.0700000000001637,48.1599
1727742613008.0,2612.5,1.0700000000001637,16.204500000000003
1727742614008.0,2612.5,1.0700000000001637,13.124
1727742615008.0,2612.5,1.069999999999709,14.6844
1727742616007.0,2612.6,1.069999999999709,5.698
1727742617009.0,2612.4,1.0700000000001637,65.64085
1727742618011.0,2612.4,1.0700000000001637,40.102549999999994
1727742619008.0,2612.9,1.0700000000001637,-13.700899999999997
1727742620009.0,2612.9,1.0700000000001637,20.889200000000002
1727742621007.0,2612.9,1.0700000000001637,24.2732
1727742622008.0,2612.9,1.0700000000001637,23.1505
1727742623007.0,2612.1,1.0700000000001637,9.1044
1727742624008.0,2612.0,1.069999999999709,-15.919
1727742625008.0,2612.3,1.0700000000001637,-4.438103999999999
1727742626008.0,2612.4,1.0700000000001637,14.845741
1727742627008.0,2612.4,1.0700000000001637,18.576763999999997
1727742628007.0,2612.4,1.0700000000001637,14.571264000000001
1727742629008.0,2612.4,1.0700000000001637,-0.4049389999999988
1727742630008.0,2612.0,1.0700000000001637,63.0942
1727742631008.0,2612.0,1.0700000000001637,-67.129
1727742632008.0,2612.4,1.0700000000001637,15.701899999999998
1727742633009.0,2612.7,1.069999999999709,-29.497
1727742634008.0,2612.6,1.069999999999709,-1.9791719999999984
1727742635008.0,2612.6,1.069999999999709,21.4059
1727742636008.0,2612.4,1.069999999999709,71.5672
1727742637008.0,2612.3,1.069999999999709,59.199200000000005
1727742638008.0,2611.5,1.069999999999709,9.273409000000001
1727742639007.0,2611.6,1.069999999999709,-34.348
1727742640008.0,2611.9,1.069999999999709,22.237776
1727742641010.0,2612.3,1.0700000000001637,-33.9156
1727742642008.0,2612.4,1.0700000000001637,-46.6979
1727742643010.0,2612.6,1.0700000000001637,19.24943
1727742644008.0,2612.8,1.0700000000001637,-5.546983999999998
1727742645007.0,2612.9,1.0700000000001637,-62.052400000000006
1727742646008.0,2613.7,1.069999999999709,-19.533
1727742647008.0,2613.9,1.0700000000001637,-47.022
1727742648007.0,2614.6,1.069999999999709,14.6539
1727742649008.0,2614.5,1.0700000000001637,66.37360000000001
1727742650008.0,2613.5,1.0700000000001637,28.2565
1727742651008.0,2613.3,1.0700000000001637,20.6834
1727742652014.0,2613.2,1.0700000000001637,19.6523
1727742653007.0,2613.2,1.0700000000001637,22.5101
1727742654008.0,2612.9,1.0700000000001637,11.0155
1727742655008.0,2611.7,1.069999999999709,35.2319
1727742656008.0,2612.1,1.069999999999709,-40.1013
1727742657008.0,2611.3,1.069999999999709,-3.084484999999999
1727742658009.0,2611.4,1.0700000000001637,-30.4825
1727742659008.0,2611.4,1.0700000000001637,-11.938299999999998
1727742660008.0,2611.5,1.069999999999709,-17.098542000000002
1727742661008.0,2611.7,1.0700000000001637,4.584899999999999
1727742662008.0,2611.4,1.0700000000001637,-39.4339
1727742663007.0,2612.2,1.0700000000001637,-8.288000999999998
1727742664008.0,2612.7,1.0700000000001637,28.866075000000002
1727742665007.0,2612.7,1.0700000000001637,-27.384
1727742666008.0,2612.9,1.0700000000001637,-73.194
1727742667007.0,2612.9,1.0700000000001637,24.4625
1727742668008.0,2612.6,1.0700000000001637,38.461240000000004
1727742669009.0,2612.2,1.0700000000001637,24.528174
1727742670008.0,2611.7,1.0700000000001637,39.230900000000005
1727742671011.0,2611.2,1.0700000000001637,0.13729999999999976
1727742672007.0,2611.1,1.069999999999709,51.2448
1727742673008.0,2611.1,1.069999999999709,25.667
1727742674008.0,2611.1,1.069999999999709,26.519400000000005
1727742675009.0,2610.8,1.069999999999709,2.7981000000000016
1727742676007.0,2610.8,1.069999999999709,2.1333
1727742677008.0,2610.8,1.069999999999709,-8.767900000000001
1727742678008.0,2610.8,1.069999999999709,-12.538499999999999
1727742679008.0,2611.2,1.0700000000001637,-42.1867
1727742680008.0,2611.1,1.069999999999709,8.975009
1727742681008.0,2610.8,1.069999999999709,38.801
1727742682007.0,2610.8,1.069999999999709,39.7225
1727742683008.0,2611.2,1.069999999999709,27.297005000000002
1727742684008.0,2611.2,1.0700000000001637,19.473363000000003
1727742685007.0,2611.2,1.0700000000001637,21.639963
1727742686008.0,2611.1,1.069999999999709,17.0467
1727742687008.0,2611.3,1.0700000000001637,-50.269099999999995
1727742688009.0,2611.4,1.0700000000001637,-59.760999999999996
1727742689009.0,2611.3,1.0700000000001637,-31.9622
1727742690009.0,2611.4,1.0700000000001637,-50.8491
1727742691007.0,2611.4,1.0700000000001637,-14.002824000000004
1727742692007.0,2611.7,1.0700000000001637,-1.9707000000000008
1727742693008.0,2611.8,1.0700000000001637,-47.9881
1727742694008.0,2612.3,1.069999999999709,-31.9172
1727742695007.0,2612.3,1.069999999999709,-9.5469
1727742696009.0,2612.7,1.0700000000001637,-28.117839999999998
1727742697007.0,2612.8,1.0700000000001637,-31.850095
1727742698007.0,2612.9,1.0700000000001637,-27.738094999999998
1727742699007.0,2612.9,1.0700000000001637,-29.191494999999996
1727742700008.0,2613.3,1.0700000000001637,-9.1913
1727742701007.0,2613.3,1.0700000000001637,36.5684
1727742702012.0,2613.1,1.069999999999709,29.5738
1727742703008.0,2612.9,1.0700000000001637,-24.7813
1727742704008.0,2612.9,1.0700000000001637,-29.704700000000003
1727742705008.0,2613.6,1.0700000000001637,3.998666
1727742706008.0,2613.8,1.0700000000001637,-3.9510000000000005
1727742707008.0,2613.8,1.0700000000001637,-11.405899999999999
1727742708008.0,2613.8,1.0700000000001637,5.997
1727742709008.0,2614.6,1.069999999999709,-25.9023
1727742710008.0,2615.4,1.0700000000001637,9.3197
1727742711008.0,2615.5,1.0700000000001637,-6.705500000000001
1727742712009.0,2615.7,1.0700000000001637,-7.387700000000002
1727742713008.0,2615.7,1.0700000000001637,15.132499999999999
1727742714008.0,2615.3,1.0700000000001637,51.8827
1727742715008.0,2615.1,1.0700000000001637,41.2014
1727742716007.0,2614.4,1.0700000000001637,41.179199999999994
1727742717007.0,2613.9,1.0700000000001637,-3.6233000000000004
1727742718008.0,2613.6,1.069999999999709,51.815799999999996
1727742719007.0,2613.4,1.0700000000001637,37.5789
1727742720010.0,2612.9,1.0700000000001637,27.9247
1727742721007.0,2612.6,1.069999999999709,-20.5758
1727742722008.0,2612.2,1.069999999999709,-9.365000000000002
1727742723008.0,2612.3,1.0700000000001637,-32.4651
1727742724007.0,2612.3,1.0700000000001637,-20.4004
1727742725008.0,2612.8,1.0700000000001637,-19.697487000000002
1727742726009.0,2612.9,1.0700000000001637,-28.693135
1727742727008.0,2612.7,1.069999999999709,-3.9384000000000015
1727742728008.0,2612.8,1.0700000000001637,51.351871
1727742729008.0,2612.5,1.0700000000001637,12.745099999999999
1727742730007.0,2612.3,1.069999999999709,28.113999999999997
1727742731012.0,2612.2,1.0700000000001637,57.143800000000006
1727742732008.0,2612.1,1.0700000000001637,30.1485
1727742733007.0,2612.2,1.0700000000001637,-15.4421
1727742734008.0,2612.3,1.0700000000001637,16.7567
1727742735007.0,2612.3,1.0700000000001637,-15.6005
1727742736007.0,2612.4,1.0700000000001637,-26.63908
1727742737007.0,2612.6,1.0700000000001637,-18.2061
1727742738008.0,2612.7,1.0700000000001637,33.723600000000005
1727742739008.0,2612.7,1.0700000000001637,52.9968
1727742740008.0,2612.2,1.0700000000001637,18.944793
1727742741008.0,2612.6,1.0700000000001637,7.416099999999998
1727742742008.0,2612.6,1.0700000000001637,-31.195600000000002
1727742743008.0,2612.8,1.0700000000001637,-28.963600000000003
1727742744008.0,2613.4,1.0700000000001637,-58.106
1727742745008.0,2613.4,1.069999999999709,2.8580000000000023
1727742746009.0,2613.3,1.069999999999709,30.254800000000003
1727742747008.0,2613.3,1.069999999999709,56.9364
1727742748007.0,2613.3,1.069999999999709,51.284299999999995
1727742749008.0,2613.2,1.069999999999709,51.769087
1727742750008.0,2613.3,1.069999999999709,9.914100000000001
1727742751007.0,2613.2,1.069999999999709,33.6177
1727742752008.0,2612.9,1.0700000000001637,40.7258
1727742753008.0,2612.5,1.0700000000001637,41.718399999999995
1727742754008.0,2612.1,1.0700000000001637,36.8825
1727742755008.0,2612.2,1.0700000000001637,28.3645
1727742756007.0,2611.7,1.0700000000001637,47.702400000000004
1727742757008.0,2611.3,1.0700000000001637,48.2631
1727742758008.0,2610.8,1.0700000000001637,49.97385
1727742759008.0,2610.5,1.0700000000001637,61.731319
1727742760008.0,2610.2,1.0700000000001637,-6.866200000000001
1727742761007.0,2610.3,1.0700000000001637,34.1713
1727742762008.0,2609.7,1.0700000000001637,42.9559
1727742763010.0,2609.4,1.0700000000001637,5.850199999999997
1727742764007.0,2609.6,1.0700000000001637,-55.487811
1727742765006.0,2610.2,1.069999999999709,4.897300000000001
1727742766008.0,2610.3,1.0700000000001637,-6.229400000000002
1727742767008.0,2610.3,1.0700000000001637,2.4955
1727742768007.0,2610.2,1.069999999999709,22.920516
1727742769009.0,2610.2,1.069999999999709,-18.192
1727742770009.0,2610.3,1.0700000000001637,-49.5282
1727742771009.0,2610.7,1.0700000000001637,-19.7209
1727742772009.0,2610.7,1.0700000000001637,30.5373
1727742773008.0,2610.6,1.069999999999709,19.5242
1727742774007.0,2610.6,1.069999999999709,17.020400000000002
1727742775007.0,2610.6,1.069999999999709,-21.4288
1727742776008.0,2610.8,1.0700000000001637,0.04565000000000019
1727742777008.0,2610.9,1.0700000000001637,-28.739129999999996
1727742778007.0,2610.9,1.0700000000001637,16.9159
1727742779007.0,2610.6,1.069999999999709,-13.7475
1727742780009.0,2610.6,1.069999999999709,6.257700000000002
1727742781008.0,2610.8,1.0700000000001637,-43.9289
1727742782008.0,2611.2,1.0700000000001637,-29.506899999999998
1727742783012.0,2611.8,1.0700000000001637,-44.2443
1727742784008.0,2612.1,1.0700000000001637,-36.282
1727742785010.0,2612.1,1.0700000000001637,-26.879400000000004
1727742786008.0,2612.1,1.0700000000001637,20.076
1727742787008.0,2612.1,1.0700000000001637,-34.827
1727742788008.0,2612.2,1.069999999999709,-24.164195000000003
1727742789007.0,2611.8,1.0700000000001637,28.9254
1727742790008.0,2610.7,1.0700000000001637,30.4696
1727742791011.0,2610.5,1.069999999999709,19.7761
1727742792008.0,2610.5,1.069999999999709,-11.2335
1727742793007.0,2610.5,1.069999999999709,-0.1343999999999994
1727742794008.0,2610.5,1.069999999999709,-8.7071
1727742795007.0,2610.6,1.0700000000001637,-11.847413
1727742796008.0,2610.6,1.0700000000001637,10.102800000000002
1727742797008.0,2610.6,1.0700000000001637,-9.1464
1727742798008.0,2610.7,1.0700000000001637,-0.12180000000000035
1727742799008.0,2611.0,1.0700000000001637,-34.151700000000005
1727742800007.0,2611.0,1.0700000000001637,8.1587
1727742801008.0,2611.0,1.0700000000001637,-19.147100000000002
1727742802008.0,2610.3,1.0700000000001637,24.303800000000003
1727742803010.0,2609.9,1.0700000000001637,-21.2122
1727742804008.0,2610.1,1.0700000000001637,-25.7267
1727742805007.0,2610.8,1.0700000000001637,-35.3856
1727742806007.0,2611.3,1.0700000000001637,46.768699999999995
1727742807007.0,2611.2,1.069999999999709,-43.866299999999995
1727742808008.0,2611.3,1.069999999999709,-13.746900000000002
1727742809008.0,2610.8,1.0700000000001637,32.2882
1727742810007.0,2610.6,1.0700000000001637,-11.347099999999998
1727742811008.0,2611.3,1.0700000000001637,-10.8148
1727742812008.0,2611.5,1.0700000000001637,34.9874
1727742813008.0,2611.5,1.0700000000001637,-25.686700000000002
1727742814009.0,2611.8,1.0700000000001637,-48.2344
1727742815008.0,2611.9,1.0700000000001637,-63.088699999999996
1727742816008.0,2612.1,1.069999999999709,-17.581
1727742817008.0,2612.7,1.0700000000001637,-26.5131
1727742818008.0,2612.4,1.0700000000001637,-11.484499999999999
1727742819008.0,2612.3,1.0700000000001637,47.7223
1727742820008.0,2612.3,1.069999999999709,-59.51742
1727742821008.0,2612.3,1.069999999999709,-31.032796
1727742822008.0,2612.3,1.069999999999709,-22.497434999999996
1727742823008.0,2611.9,1.0700000000001637,28.924016
1727742824008.0,2611.7,1.0700000000001637,15.3078
1727742825009.0,2611.6,1.0700000000001637,33.9823
1727742826008.0,2611.2,1.069999999999709,30.596200000000003
1727742827008.0,2611.3,1.069999999999709,-27.1751
1727742828008.0,2611.3,1.069999999999709,-12.342400000000001
1727742829008.0,2611.3,1.069999999999709,-46.7721
1727742830008.0,2611.4,1.069999999999709,-30.571
1727742831007.0,2611.3,1.069999999999709,-6.727499999999999
1727742832007.0,2611.3,1.069999999999709,22.9067
1727742833009.0,2611.1,1.0700000000001637,-22.5003
1727742834008.0,2611.1,1.0700000000001637,-22.5168
1727742835008.0,2611.3,1.069999999999709,-14.982599999999998
1727742836008.0,2611.3,1.069999999999709,-17.173979
1727742837009.0,2611.1,1.0700000000001637,28.894000000000002
1727742838008.0,2611.0,1.0700000000001637,44.842119000000004
1727742839008.0,2610.6,1.0700000000001637,29.7902
1727742840008.0,2610.1,1.0700000000001637,52.8468
1727742841008.0,2609.9,1.0700000000001637,38.761300000000006
1727742842008.0,2609.6,1.0700000000001637,31.044499999999996
1727742843007.0,2608.9,1.0700000000001637,47.2381
1727742844008.0,2608.6,1.069999999999709,20.0709
1727742845008.0,2608.7,1.0700000000001637,-41.2144
1727742846008.0,2608.9,1.069999999999709,-23.329900000000002
1727742847008.0,2608.9,1.069999999999709,7.891399999999999
1727742848008.0,2608.5,1.0700000000001637,28.0287
1727742849009.0,2608.4,1.0700000000001637,21.7498
1727742850007.0,2608.4,1.0700000000001637,14.8386
1727742851007.0,2608.4,1.0700000000001637,7.598299999999998
1727742852008.0,2608.4,1.0700000000001637,-1.9770000000000003
1727742853008.0,2608.6,1.0700000000001637,-20.358763000000003
1727742854008.0,2608.6,1.0700000000001637,-25.4829
1727742855008.0,2608.8,1.0700000000001637,46.7555
1727742856007.0,2608.6,1.069999999999709,11.8792
1727742857009.0,2608.5,1.069999999999709,26.307
1727742858008.0,2608.6,1.0700000000001637,-39.419853
1727742859008.0,2608.6,1.0700000000001637,-20.115253000000003
1727742860010.0,2608.8,1.069999999999709,-6.884600000000001
1727742861008.0,2609.1,1.069999999999709,46.1721
1727742862008.0,2608.9,1.0700000000001637,17.9088
1727742863008.0,2608.9,1.0700000000001637,20.050176
1727742864008.0,2608.9,1.0700000000001637,42.026399999999995
1727742865007.0,2608.7,1.0700000000001637,-5.558418
1727742866008.0,2608.8,1.0700000000001637,24.317182
1727742867007.0,2608.4,1.0700000000001637,35.8303
1727742868008.0,2608.4,1.0700000000001637,46.781276999999996
1727742869008.0,2608.3,1.0700000000001637,17.631099999999996
1727742870008.0,2608.6,1.0700000000001637,-18.888099999999998
1727742871008.0,2608.8,1.0700000000001637,-9.0205
1727742872010.0,2608.8,1.0700000000001637,-16.208344999999998
1727742873008.0,2609.2,1.0700000000001637,10.087900000000001
1727742874007.0,2609.2,1.0700000000001637,7.3765
1727742875008.0,2609.3,1.0700000000001637,-19.3896
1727742876007.0,2609.7,1.069999999999709,25.189115
1727742877008.0,2609.7,1.069999999999709,26.751415
1727742878008.0,2609.6,1.0700000000001637,28.744699999999998
1727742879007.0,2609.6,1.0700000000001637,-4.657800000000002
1727742880007.0,2609.6,1.0700000000001637,50.9758
1727742881007.0,2608.3,1.0700000000001637,42.316922000000005
1727742882008.0,2608.0,1.069999999999709,7.025494
1727742883008.0,2607.9,1.069999999999709,8.5304
1727742884008.0,2607.9,1.069999999999709,12.160899999999998
1727742885007.0,2608.0,1.069999999999709,-25.9562
1727742886008.0,2607.9,1.069999999999709,-34.267516
1727742887008.0,2608.3,1.0700000000001637,-11.4341
1727742888008.0,2608.0,1.069999999999709,26.301800000000004
1727742889008.0,2607.4,1.069999999999709,32.3626
1727742890008.0,2607.3,1.069999999999709,12.721499999999999
1727742891007.0,2607.3,1.069999999999709,12.7725
1727742892008.0,2607.3,1.069999999999709,-6.3949
1727742893008.0,2607.3,1.069999999999709,3.9688000000000017
1727742894007.0,2607.3,1.069999999999709,4.702500000000001
1727742895008.0,2607.3,1.069999999999709,-6.739899999999999
1727742896007.0,2607.4,1.069999999999709,-30.148699999999998
1727742897007.0,2607.5,1.069999999999709,-54.991400000000006
1727742898007.0,2608.2,1.069999999999709,15.3748
1727742899008.0,2608.2,1.069999999999709,-1.4856999999999996
1727742900008.0,2608.3,1.0700000000001637,22.823800000000002
1727742901007.0,2608.3,1.0700000000001637,18.9935
1727742902007.0,2608.6,1.0700000000001637,-20.6026
1727742903007.0,2608.8,1.0700000000001637,3.4083000000000006
1727742904008.0,2608.8,1.0700000000001637,44.1198
1727742905011.0,2608.7,1.0700000000001637,18.2452
1727742906008.0,2608.6,1.069999999999709,29.2654
1727742907009.0,2608.5,1.0700000000001637,23.545199999999998
1727742908008.0,2608.6,1.0700000000001637,-18.7019
1727742909008.0,2608.8,1.069999999999709,11.4544
1727742910008.0,2608.8,1.069999999999709,3.657499999999999
1727742911008.0,2608.8,1.069999999999709,-7.8001000000000005
1727742912008.0,2609.3,1.0700000000001637,15.067899999999998
1727742913009.0,2609.4,1.0700000000001637,-10.969325000000001
1727742914008.0,2609.4,1.0700000000001637,3.558559999999998
1727742915008.0,2609.9,1.0700000000001637,-46.2135
1727742916011.0,2609.8,1.069999999999709,31.069699999999997
1727742917009.0,2609.4,1.0700000000001637,24.1704
1727742918008.0,2609.5,1.0700000000001637,-5.337497000000001
1727742919008.0,2609.5,1.0700000000001637,-31.2345
1727742920008.0,2609.5,1.0700000000001637,-3.5792640000000002
1727742921008.0,2609.4,1.0700000000001637,-15.952697999999998
1727742922007.0,2609.5,1.0700000000001637,-34.695505999999995
1727742923008.0,2609.8,1.069999999999709,-47.7433
1727742924008.0,2609.8,1.069999999999709,5.036900000000001
1727742925008.0,2609.8,1.069999999999709,11.107099999999999
1727742926008.0,2609.4,1.0700000000001637,29.336799999999997
1727742927007.0,2609.1,1.069999999999709,-6.7293
1727742928007.0,2608.9,1.0700000000001637,-58.606899999999996
1727742929008.0,2608.9,1.0700000000001637,-0.10930000000000106
1727742930008.0,2608.9,1.0700000000001637,9.9652
1727742931008.0,2608.9,1.0700000000001637,-39.2833
1727742932008.0,2609.5,1.0700000000001637,14.2061
1727742933008.0,2609.6,1.0700000000001637,-4.194102
1727742934008.0,2609.8,1.0700000000001637,-10.1033
1727742935008.0,2609.9,1.0700000000001637,-5.0038
1727742936008.0,2609.9,1.0700000000001637,-1.0898000000000003
1727742937009.0,2609.9,1.0700000000001637,-20.164500000000004
1727742938008.0,2609.9,1.0700000000001637,-7.5234999999999985
1727742939007.0,2610.1,1.069999999999709,-4.915500000000001
1727742940008.0,2610.3,1.0700000000001637,-2.1504999999999974
1727742941009.0,2610.3,1.0700000000001637,-2.5425000000000004
1727742942008.0,2610.4,1.0700000000001637,-38.1513
1727742943008.0,2610.9,1.0700000000001637,-11.6842
1727742944008.0,2610.9,1.0700000000001637,-9.834100000000001
1727742945008.0,2610.9,1.0700000000001637,-10.8598
1727742946008.0,2610.9,1.0700000000001637,10.5277
1727742947007.0,2610.9,1.0700000000001637,8.414399999999999
1727742948007.0,2610.9,1.0700000000001637,-28.2838
1727742949008.0,2610.9,1.0700000000001637,3.371699999999999
1727742950007.0,2610.9,1.0700000000001637,6.965048000000001
1727742951008.0,2610.6,1.069999999999709,-1.9427999999999983
1727742952007.0,2610.8,1.069999999999709,-68.26259999999999
1727742953008.0,2611.2,1.0700000000001637,3.762599999999999
1727742954008.0,2611.2,1.0700000000001637,-5.3148
1727742955008.0,2611.2,1.0700000000001637,24.816733
1727742956008.0,2611.2,1.0700000000001637,28.145133
1727742957008.0,2611.1,1.069999999999709,-10.0976
1727742958008.0,2611.1,1.069999999999709,1.1785000000000014
1727742959007.0,2610.8,1.0700000000001637,-59.1007
1727742960008.0,2610.9,1.0700000000001637,-59.7982
1727742961007.0,2610.9,1.0700000000001637,-23.348599999999998
1727742962007.0,2610.9,1.0700000000001637,-20.3998
1727742963009.0,2610.9,1.0700000000001637,24.4573
1727742964009.0,2610.5,1.069999999999709,48.4994
1727742965008.0,2610.5,1.069999999999709,-43.4197
1727742966008.0,2611.1,1.0700000000001637,-49.502500000000005
1727742967008.0,2611.1,1.0700000000001637,-13.986699999999999
1727742968008.0,2610.8,1.0700000000001637,50.4677
1727742969008.0,2610.7,1.0700000000001637,32.7936
1727742970007.0,2610.7,1.0700000000001637,35.831
1727742971008.0,2610.3,1.0700000000001637,37.02160000000001
1727742972008.0,2610.3,1.0700000000001637,-5.490500000000001
1727742973008.0,2610.3,1.069999999999709,5.9961
1727742974007.0,2610.0,1.0700000000001637,18.209699999999998
1727742975008.0,2609.8,1.0700000000001637,47.338800000000006
1727742976009.0,2609.9,1.0700000000001637,-31.476812000000002
1727742977008.0,2610.8,1.0700000000001637,5.928200000000002
1727742978008.0,2610.7,1.0700000000001637,17.753700000000002
1727742979008.0,2610.1,1.0700000000001637,32.199999999999996
1727742980008.0,2609.8,1.0700000000001637,-26.5477
1727742981008.0,2609.8,1.0700000000001637,-5.428001
1727742982007.0,2609.9,1.069999999999709,-1.8313449999999998
1727742983008.0,2610.2,1.069999999999709,21.196044999999998
1727742984008.0,2610.1,1.0700000000001637,11.184299999999999
1727742985009.0,2610.1,1.0700000000001637,22.9757
1727742986008.0,2610.1,1.0700000000001637,12.629000000000001
1727742987007.0,2610.1,1.0700000000001637,-10.057699999999999
1727742988008.0,2610.7,1.069999999999709,19.2048
1727742989008.0,2610.9,1.0700000000001637,5.929600000000001
1727742990007.0,2610.8,1.069999999999709,42.869226
1727742991007.0,2610.8,1.069999999999709,6.948326000000002
1727742992008.0,2610.8,1.069999999999709,-17.2226
1727742993008.0,2610.8,1.069999999999709,-29.749
1727742994009.0,2610.9,1.0700000000001637,21.8335
1727742995008.0,2610.4,1.0700000000001637,25.806116
1727742996008.0,2610.3,1.0700000000001637,49.695299999999996
1727742997009.0,2610.0,1.069999999999709,45.9825
1727742998009.0,2610.1,1.069999999999709,31.719631
1727742999007.0,2610.0,1.069999999999709,11.7247
1727743000008.0,2610.0,1.069999999999709,-33.215799999999994
1727743001008.0,2610.4,1.0700000000001637,-5.382200000000001
1727743002007.0,2610.4,1.069999999999709,51.704054
1727743003009.0,2610.4,1.069999999999709,-24.8815
1727743004008.0,2610.5,1.0700000000001637,-52.2243
1727743005008.0,2610.8,1.069999999999709,-18.5103
1727743006008.0,2610.8,1.069999999999709,-30.527399999999997
1727743007008.0,2611.5,1.0700000000001637,-36.6531
1727743008006.0,2611.8,1.069999999999709,-33.8165
1727743009008.0,2613.2,1.1199999999998909,-1.6698
1727743010008.0,2614.3,1.069999999999709,21.861997000000002
1727743011009.0,2613.8,1.069999999999709,44.852999999999994
1727743012007.0,2613.7,1.0700000000001637,13.271400000000002
1727743013008.0,2613.3,1.069999999999709,33.620799999999996
1727743014007.0,2613.3,1.069999999999709,49.856199999999994
1727743015008.0,2613.0,1.069999999999709,7.336399999999999
1727743016007.0,2612.7,1.0700000000001637,12.501700000000001
1727743017008.0,2612.7,1.0700000000001637,-14.5324
1727743018007.0,2612.7,1.0700000000001637,-2.2753000000000014
1727743019008.0,2612.7,1.0700000000001637,-18.6018
1727743020008.0,2612.7,1.0700000000001637,13.8259
1727743021008.0,2612.0,1.069999999999709,23.3345
1727743022008.0,2611.7,1.0700000000001637,27.3798
1727743023007.0,2611.5,1.069999999999709,32.943099999999994
1727743024009.0,2611.6,1.069999999999709,16.7626
1727743025008.0,2611.5,1.069999999999709,46.433800000000005
1727743026008.0,2611.1,1.0700000000001637,-37.853500000000004
1727743027008.0,2611.6,1.069999999999709,-34.1699
1727743028007.0,2611.6,1.0700000000001637,-17.7348
1727743029007.0,2610.6,1.069999999999709,20.856899999999996
1727743030008.0,2610.6,1.0700000000001637,-27.9784
1727743031007.0,2610.6,1.0700000000001637,-21.1098
1727743032008.0,2610.8,1.069999999999709,2.600975
1727743033008.0,2610.8,1.069999999999709,3.577275
1727743034009.0,2610.8,1.069999999999709,-19.2693
1727743035009.0,2612.4,1.0700000000001637,18.1921
1727743036007.0,2612.3,1.0700000000001637,17.346114999999998
1727743037008.0,2612.4,1.0700000000001637,19.338884999999998
1727743038008.0,2612.4,1.0700000000001637,-2.039900000000001
1727743039008.0,2612.3,1.069999999999709,39.204699999999995
1727743040008.0,2612.0,1.0700000000001637,41.0174
1727743041008.0,2612.0,1.069999999999709,8.418700000000001
1727743042008.0,2612.1,1.069999999999709,-30.371899
1727743043008.0,2612.6,1.0700000000001637,-40.0071
1727743044008.0,2612.8,1.0700000000001637,19.924200000000003
1727743045007.0,2612.7,1.0700000000001637,29.4661
1727743046009.0,2612.5,1.0700000000001637,32.6719
1727743047007.0,2612.4,1.069999999999709,35.3067
1727743048008.0,2612.0,1.0700000000001637,6.5585
1727743049008.0,2612.1,1.0700000000001637,-34.211838
1727743050008.0,2612.1,1.0700000000001637,-26.3317
1727743051008.0,2612.2,1.0700000000001637,-36.5242
1727743052008.0,2612.2,1.0700000000001637,-18.503527
1727743053008.0,2612.4,1.0700000000001637,-27.447400000000002
1727743054007.0,2612.8,1.0700000000001637,-46.30542
1727743055008.0,2612.9,1.0700000000001637,9.082
1727743056008.0,2612.7,1.069999999999709,34.7384
1727743057009.0,2612.4,1.069999999999709,29.931585000000002
1727743058009.0,2612.0,1.0700000000001637,21.508100000000002
1727743059008.0,2611.6,1.069999999999709,-18.283
1727743060008.0,2611.9,1.0700000000001637,6.1355
1727743061007.0,2612.3,1.0700000000001637,0.10160000000000124
1727743062008.0,2612.8,1.0700000000001637,-6.986200000000002
1727743063008.0,2613.0,1.069999999999709,-2.5855000000000015
1727743064008.0,2613.1,1.0700000000001637,-38.2519
1727743065008.0,2613.2,1.0700000000001637,-12.773500000000002
1727743066008.0,2613.2,1.0700000000001637,16.711499999999997
1727743067010.0,2613.7,1.069999999999709,11.66075
1727743068008.0,2613.7,1.069999999999709,7.785349999999999
1727743069008.0,2613.7,1.069999999999709,9.766839
1727743070008.0,2613.7,1.069999999999709,20.394039
1727743071008.0,2613.6,1.0700000000001637,2.9098000000000006
1727743072007.0,2613.6,1.0700000000001637,7.142899999999999
1727743073009.0,2613.6,1.0700000000001637,-14.878099999999998
1727743074008.0,2613.6,1.0700000000001637,-16.2691
1727743075008.0,2613.6,1.0700000000001637,12.812999999999999
1727743076008.0,2613.6,1.0700000000001637,14.0192
1727743077007.0,2613.3,1.0700000000001637,48.246033
1727743078007.0,2613.3,1.0700000000001637,25.2363
1727743079008.0,2613.4,1.0700000000001637,-28.1281
1727743080009.0,2613.5,1.0700000000001637,-13.029430999999999
1727743081007.0,2613.3,1.0700000000001637,36.1542
1727743082007.0,2612.6,1.069999999999709,22.040100000000002
1727743083008.0,2612.5,1.069999999999709,30.475900000000003
1727743084007.0,2612.2,1.0700000000001637,-4.645799999999998
1727743085008.0,2612.2,1.0700000000001637,-22.2846
1727743086008.0,2612.5,1.069999999999709,27.742900000000002
1727743087007.0,2612.0,1.0700000000001637,34.5423
1727743088008.0,2612.0,1.0700000000001637,-58.9825
1727743089007.0,2612.2,1.0700000000001637,-66.6868
1727743090008.0,2612.6,1.0700000000001637,-19.371000000000002
1727743091008.0,2612.8,1.069999999999709,23.837500000000002
1727743092007.0,2612.6,1.069999999999709,-63.8129
1727743093010.0,2613.4,1.0700000000001637,-27.126600000000003
1727743094007.0,2613.4,1.0700000000001637,-1.9547999999999988
1727743095008.0,2613.4,1.0700000000001637,-5.844
1727743096008.0,2613.4,1.0700000000001637,13.1808
1727743097008.0,2613.3,1.0700000000001637,21.7457
1727743098007.0,2613.2,1.0700000000001637,20.0258
1727743099007.0,2613.2,1.0700000000001637,2.5428000000000006
1727743100008.0,2612.8,1.0700000000001637,22.766177999999996
1727743101008.0,2612.8,1.0700000000001637,6.1828780000000005
1727743102008.0,2612.8,1.0700000000001637,-4.881022
1727743103012.0,2612.2,1.0700000000001637,30.150187000000003
1727743104008.0,2612.3,1.0700000000001637,-31.639000000000003
1727743105008.0,2612.7,1.069999999999709,12.6503
1727743106008.0,2612.8,1.069999999999709,2.6845999999999997
1727743107010.0,2612.8,1.0700000000001637,-34.9031
1727743108007.0,2612.7,1.0700000000001637,21.7886
1727743109009.0,2612.1,1.0700000000001637,1.7355029999999996
1727743110008.0,2612.6,1.069999999999709,-22.751600000000003
1727743111008.0,2612.6,1.069999999999709,-31.7078
1727743112008.0,2612.3,1.0700000000001637,17.629
1727743113007.0,2612.0,1.069999999999709,17.972900000000003
1727743114008.0,2611.9,1.069999999999709,22.935653000000002
1727743115008.0,2611.4,1.0700000000001637,41.370400000000004
1727743116008.0,2611.1,1.069999999999709,-26.505300000000002
1727743117008.0,2611.2,1.069999999999709,-44.0305
1727743118008.0,2611.3,1.0700000000001637,-36.8086
1727743119008.0,2611.5,1.0700000000001637,-15.604800000000001
1727743120009.0,2611.4,1.0700000000001637,20.6445
1727743121007.0,2611.0,1.0700000000001637,8.940444000000001
1727743122008.0,2610.9,1.0700000000001637,13.895343999999998
1727743123008.0,2610.9,1.0700000000001637,-4.888356
1727743124008.0,2610.9,1.0700000000001637,-1.3114559999999997
1727743125008.0,2610.9,1.0700000000001637,-5.784156000000001
1727743126008.0,2610.9,1.0700000000001637,1.9463439999999999
1727743127007.0,2610.8,1.0700000000001637,3.3054
1727743128008.0,2610.7,1.0700000000001637,-31.5017
1727743129008.0,2611.1,1.0700000000001637,-15.305700000000002
1727743130007.0,2611.4,1.0700000000001637,-5.396000000000001
1727743131008.0,2611.3,1.0700000000001637,23.5786
1727743132008.0,2611.3,1.0700000000001637,20.4596
1727743133007.0,2611.3,1.0700000000001637,-16.4242
1727743134008.0,2611.6,1.0700000000001637,-45.564899999999994
1727743135008.0,2611.6,1.0700000000001637,0.07750000000000057
1727743136009.0,2611.8,1.069999999999709,19.912207
1727743137007.0,2611.8,1.069999999999709,19.510407
1727743138008.0,2611.5,1.0700000000001637,-30.8599
1727743139007.0,2611.6,1.0700000000001637,23.639929
1727743140008.0,2611.6,1.0700000000001637,23.671475
1727743141008.0,2611.8,1.069999999999709,-17.3935
1727743142008.0,2611.5,1.0700000000001637,40.488
1727743143008.0,2611.5,1.0700000000001637,24.0924
1727743144008.0,2612.2,1.0700000000001637,4.969101000000002
1727743145008.0,2612.3,1.0700000000001637,-9.892700000000001
1727743146007.0,2612.4,1.0700000000001637,-8.988699999999998
1727743147007.0,2612.4,1.0700000000001637,-8.871099999999998
1727743148008.0,2612.4,1.0700000000001637,12.307300000000001
1727743149007.0,2612.4,1.0700000000001637,7.2445
1727743150008.0,2612.4,1.0700000000001637,10.064000000000002
1727743151007.0,2612.3,1.069999999999709,44.161716
1727743152007.0,2612.1,1.0700000000001637,11.567197
1727743153009.0,2612.1,1.0700000000001637,11.369497000000003
1727743154008.0,2612.1,1.0700000000001637,11.814097000000002
1727743155008.0,2612.2,1.0700000000001637,-29.8506
1727743156008.0,2612.2,1.069999999999709,-8.429499999999999
1727743157008.0,2612.6,1.069999999999709,39.384
1727743158008.0,2612.2,1.0700000000001637,35.0492
1727743159007.0,2612.0,1.0700000000001637,29.4977
1727743160008.0,2611.4,1.0700000000001637,36.562000000000005
1727743161009.0,2611.3,1.0700000000001637,23.4677
1727743162008.0,2611.0,1.0700000000001637,22.8801
1727743163008.0,2610.9,1.0700000000001637,1.5566999999999993
1727743164007.0,2611.0,1.0700000000001637,-49.4894
1727743165008.0,2611.3,1.069999999999709,-42.2304
1727743166007.0,2611.3,1.069999999999709,-3.0797000000000025
1727743167008.0,2611.1,1.0700000000001637,-7.3652000000000015
1727743168008.0,2611.1,1.0700000000001637,-1.0123999999999995
1727743169008.0,2611.1,1.0700000000001637,-7.009899999999998
1727743170008.0,2611.2,1.0700000000001637,-30.706699999999998
1727743171008.0,2611.1,1.069999999999709,40.6974
1727743172007.0,2610.6,1.0700000000001637,25.5659
1727743173009.0,2610.6,1.0700000000001637,-14.7549
1727743174007.0,2610.6,1.0700000000001637,-34.9174
1727743175007.0,2610.6,1.0700000000001637,-31.085600000000003
1727743176007.0,2610.6,1.0700000000001637,-31.0694
1727743177008.0,2610.5,1.069999999999709,41.594435999999995
1727743178007.0,2610.4,1.0700000000001637,58.408
1727743179008.0,2610.3,1.0700000000001637,54.5819
1727743180007.0,2610.7,1.069999999999709,-32.0889
1727743181008.0,2610.9,1.0700000000001637,-19.170601000000005
1727743182008.0,2611.1,1.0700000000001637,-50.54559999999999
1727743183009.0,2611.1,1.0700000000001637,-31.7158
1727743184007.0,2611.1,1.0700000000001637,-12.597799999999996
1727743185008.0,2611.1,1.0700000000001637,-36.2221
1727743186008.0,2611.4,1.0700000000001637,-24.456899999999997
1727743187008.0,2611.4,1.0700000000001637,-10.163200000000003
1727743188008.0,2611.2,1.0700000000001637,17.680899999999998
1727743189009.0,2611.2,1.0700000000001637,34.060576
1727743190008.0,2611.2,1.0700000000001637,18.313599999999997
1727743191008.0,2611.2,1.0700000000001637,14.944
1727743192008.0,2611.2,1.0700000000001637,24.1657
1727743193008.0,2611.2,1.0700000000001637,23.749200000000002
1727743194009.0,2611.2,1.0700000000001637,23.7884
1727743195008.0,2611.6,1.0700000000001637,-24.017471000000004
1727743196008.0,2611.6,1.0700000000001637,28.1594
1727743197008.0,2611.2,1.0700000000001637,50.1041
1727743198008.0,2611.2,1.0700000000001637,30.256
1727743199008.0,2611.1,1.069999999999709,48.915642999999996
1727743200008.0,2610.7,1.0700000000001637,-11.712600000000002
1727743201008.0,2610.8,1.0700000000001637,-19.8533
1727743202008.0,2610.8,1.0700000000001637,-31.653100000000002
1727743203008.0,2610.8,1.0700000000001637,-31.686
1727743204009.0,2610.8,1.0700000000001637,-3.5222999999999995
1727743205007.0,2611.4,1.0700000000001637,-90.86410000000001
1727743206007.0,2611.8,1.0700000000001637,31.1662
1727743207008.0,2611.8,1.0700000000001637,35.3271
1727743208008.0,2611.8,1.0700000000001637,31.725689999999997
1727743209008.0,2611.8,1.0700000000001637,11.544990000000002
1727743210008.0,2611.9,1.0700000000001637,-55.890203
1727743211008.0,2612.4,1.0700000000001637,-24.605599999999995
1727743212008.0,2612.3,1.0700000000001637,29.259
1727743213008.0,2611.9,1.0700000000001637,-28.0152
1727743214008.0,2612.0,1.0700000000001637,-34.9194
1727743215007.0,2612.3,1.0700000000001637,22.6322
1727743216008.0,2612.3,1.069999999999709,4.6296
1727743217007.0,2612.3,1.069999999999709,-28.254699999999996
1727743218007.0,2612.4,1.069999999999709,-25.714100000000002
1727743219007.0,2612.4,1.069999999999709,-40.7362
1727743220008.0,2612.4,1.069999999999709,-17.2596
1727743221008.0,2612.6,1.0700000000001637,-34.6261
1727743222008.0,2612.6,1.0700000000001637,-49.6093
1727743223007.0,2612.6,1.0700000000001637,-3.833767999999999
1727743224007.0,2612.3,1.069999999999709,20.562608
1727743225009.0,2612.3,1.069999999999709,27.202908
1727743226008.0,2612.3,1.069999999999709,13.855608
1727743227008.0,2612.3,1.069999999999709,-21.217112
1727743228008.0,2612.3,1.069999999999709,1.8424080000000007
1727743229007.0,2612.3,1.069999999999709,4.089207999999999
1727743230007.0,2612.3,1.069999999999709,14.613308
1727743231007.0,2612.2,1.0700000000001637,33.367176
1727743232008.0,2612.1,1.0700000000001637,33.9424
1727743233008.0,2612.1,1.0700000000001637,-27.894099999999998
1727743234009.0,2612.2,1.0700000000001637,-17.630200000000002
1727743235009.0,2612.2,1.0700000000001637,-1.8692969999999995
1727743236007.0,2612.2,1.0700000000001637,-15.717096999999999
1727743237009.0,2612.2,1.0700000000001637,4.087102999999999
1727743238008.0,2612.2,1.0700000000001637,-18.7034
1727743239007.0,2612.2,1.0700000000001637,-18.6034
1727743240008.0,2612.2,1.0700000000001637,-19.967000000000002
1727743241009.0,2612.2,1.0700000000001637,1.7323999999999984
1727743242008.0,2612.2,1.0700000000001637,-26.6023
1727743243008.0,2612.2,1.0700000000001637,-24.273200000000003
1727743244008.0,2612.5,1.069999999999709,-0.5713000000000008
1727743245008.0,2612.6,1.069999999999709,9.825099999999999
1727743246006.0,2612.6,1.069999999999709,6.476399999999998
1727743247010.0,2612.4,1.069999999999709,48.895032
1727743248008.0,2612.3,1.069999999999709,59.869404
1727743249008.0,2612.2,1.0700000000001637,-24.2482
1727743250007.0,2612.2,1.0700000000001637,-26.2023
1727743251008.0,2612.2,1.0700000000001637,-10.088999999999999
1727743252008.0,2612.2,1.0700000000001637,-11.4299
1727743253008.0,2612.2,1.0700000000001637,-9.559900000000003
1727743254008.0,2612.2,1.0700000000001637,-25.087599999999995
1727743255009.0,2612.2,1.0700000000001637,-18.291311999999998
1727743256009.0,2612.2,1.0700000000001637,-27.0524
1727743257007.0,2612.2,1.0700000000001637,-25.041300000000003
1727743258008.0,2612.2,1.0700000000001637,-25.1246
1727743259007.0,2612.7,1.069999999999709,-28.497300000000003
1727743260008.0,2612.7,1.069999999999709,-15.261099999999999
1727743261008.0,2612.8,1.069999999999709,-17.115099999999998
1727743262008.0,2612.8,1.069999999999709,-41.013999999999996
1727743263008.0,2612.8,1.069999999999709,-39.763
1727743264008.0,2612.8,1.069999999999709,-35.9257
1727743265010.0,2612.8,1.069999999999709,-39.9446
1727743266010.0,2612.8,1.069999999999709,-39.9425
1727743267009.0,2612.8,1.069999999999709,-16.259800000000002
1727743268008.0,2612.8,1.069999999999709,5.411200000000001
1727743269007.0,2612.8,1.069999999999709,-33.1202
1727743270010.0,2613.7,1.069999999999709,-26.685000000000002
1727743271008.0,2613.8,1.069999999999709,-19.8875
1727743272007.0,2613.8,1.069999999999709,6.7681000000000004
1727743273008.0,2613.9,1.069999999999709,-27.9294
1727743274008.0,2613.8,1.069999999999709,-1.3818000000000001
1727743275007.0,2613.8,1.069999999999709,17.612099999999998
1727743276007.0,2613.6,1.0700000000001637,45.298828
1727743277008.0,2613.3,1.0700000000001637,40.068400000000004
1727743278007.0,2613.3,1.069999999999709,42.8961
1727743279008.0,2613.2,1.069999999999709,53.4916
1727743280008.0,2613.2,1.069999999999709,51.5087
1727743281007.0,2613.2,1.0700000000001637,12.091499999999998
1727743282008.0,2612.9,1.0700000000001637,61.718598
1727743283008.0,2612.5,1.069999999999709,-68.53070000000001
1727743284008.0,2612.8,1.0700000000001637,-8.087899999999998
1727743285007.0,2613.3,1.0700000000001637,1.5591000000000008
1727743286008.0,2612.7,1.069999999999709,40.277899999999995
1727743287008.0,2612.6,1.069999999999709,44.888099999999994
1727743288008.0,2612.6,1.069999999999709,-16.317800000000002
1727743289008.0,2612.6,1.069999999999709,-5.521399999999998
1727743290008.0,2612.7,1.0700000000001637,-68.3271
1727743291008.0,2613.0,1.069999999999709,31.847404
1727743292007.0,2613.1,1.0700000000001637,-38.2527
1727743293008.0,2613.3,1.0700000000001637,-41.4893
1727743294008.0,2613.6,1.0700000000001637,-6.364600000000001
1727743295007.0,2613.6,1.0700000000001637,0.22809999999999953
1727743296007.0,2613.8,1.0700000000001637,-32.132
1727743297008.0,2613.9,1.0700000000001637,-43.017
1727743298009.0,2613.9,1.0700000000001637,-10.487386999999998
1727743299008.0,2613.9,1.0700000000001637,-12.283678000000002
1727743300008.0,2614.2,1.0700000000001637,-36.1356
1727743301009.0,2614.2,1.0700000000001637,17.557299999999998
1727743302008.0,2613.7,1.069999999999709,4.8325
1727743303007.0,2613.5,1.0700000000001637,49.290800000000004
1727743304008.0,2613.3,1.0700000000001637,51.7149
1727743305007.0,2613.2,1.0700000000001637,36.988699999999994
1727743306008.0,2612.6,1.069999999999709,38.501900000000006
1727743307007.0,2612.5,1.069999999999709,40.793236
1727743308008.0,2612.4,1.0700000000001637,40.9288
1727743309008.0,2612.4,1.0700000000001637,35.6139
1727743310009.0,2612.4,1.0700000000001637,50.5656
1727743311007.0,2612.4,1.0700000000001637,-20.0231
1727743312007.0,2612.4,1.0700000000001637,-34.7001
1727743313008.0,2612.4,1.0700000000001637,-30.5432
1727743314007.0,2612.5,1.0700000000001637,-32.206
1727743315007.0,2612.7,1.0700000000001637,29.1143
1727743316008.0,2612.4,1.0700000000001637,52.0296
1727743317007.0,2612.3,1.069999999999709,51.4662
1727743318007.0,2612.3,1.069999999999709,-19.1337
1727743319008.0,2612.4,1.0700000000001637,-27.7314
1727743320009.0,2612.4,1.0700000000001637,-30.8603
1727743321007.0,2612.2,1.0700000000001637,36.283406
1727743322008.0,2611.8,1.0700000000001637,18.6261
1727743323008.0,2611.9,1.0700000000001637,-17.1379
1727743324007.0,2611.9,1.0700000000001637,-36.451848999999996
1727743325009.0,2612.3,1.0700000000001637,3.160399999999999
1727743326008.0,2612.3,1.0700000000001637,-3.0108000000000015
1727743327008.0,2612.3,1.0700000000001637,5.679500000000001
1727743328007.0,2612.3,1.0700000000001637,1.2354000000000003
1727743329008.0,2612.1,1.069999999999709,30.7762
1727743330008.0,2611.9,1.0700000000001637,39.7698
1727743331010.0,2611.5,1.069999999999709,38.4172
1727743332008.0,2611.5,1.069999999999709,29.322118
1727743333008.0,2611.4,1.0700000000001637,23.923299999999998
1727743334008.0,2611.4,1.0700000000001637,-0.2815000000000012
1727743335010.0,2611.6,1.0700000000001637,-16.0186
1727743336007.0,2611.8,1.0700000000001637,-16.4517
1727743337007.0,2611.9,1.0700000000001637,-36.20818
1727743338008.0,2611.9,1.069999999999709,-58.2533
1727743339008.0,2612.0,1.0700000000001637,1.6056000000000008
1727743340008.0,2612.0,1.0700000000001637,-7.278899999999998
1727743341008.0,2612.1,1.0700000000001637,-50.655
1727743342008.0,2612.1,1.0700000000001637,-35.36579999999999
1727743343009.0,2612.1,1.0700000000001637,-42.650499999999994
1727743344007.0,2612.0,1.0700000000001637,27.2913
1727743345008.0,2612.0,1.0700000000001637,29.663500000000003
1727743346008.0,2611.7,1.0700000000001637,31.828899999999997
1727743347008.0,2611.5,1.0700000000001637,41.3451
1727743348008.0,2611.4,1.0700000000001637,48.7192
1727743349008.0,2611.4,1.0700000000001637,44.7108
1727743350006.0,2611.4,1.0700000000001637,44.415099999999995
1727743351008.0,2611.4,1.0700000000001637,-18.2937
1727743352008.0,2611.4,1.0700000000001637,-28.890699999999995
1727743353009.0,2611.4,1.0700000000001637,-35.4171
1727743354006.0,2611.4,1.0700000000001637,-35.439
1727743355008.0,2611.4,1.0700000000001637,-28.7973
1727743356007.0,2611.0,1.0700000000001637,31.689
1727743357008.0,2610.8,1.0700000000001637,26.8683
1727743358007.0,2610.8,1.0700000000001637,19.374
1727743359008.0,2610.8,1.0700000000001637,15.704899999999999
1727743360007.0,2610.8,1.0700000000001637,-26.7429
1727743361009.0,2610.8,1.0700000000001637,-30.5933
1727743362008.0,2610.7,1.0700000000001637,10.413799999999998
1727743363008.0,2610.7,1.0700000000001637,-7.077499999999999
1727743364008.0,2610.8,1.0700000000001637,-19.5858
1727743365008.0,2610.8,1.0700000000001637,-13.441300000000002
1727743366007.0,2610.8,1.0700000000001637,-26.697
1727743367008.0,2610.8,1.0700000000001637,-27.256400000000003
1727743368008.0,2610.8,1.0700000000001637,5.763316000000001
1727743369008.0,2610.8,1.0700000000001637,1.862499999999999
1727743370009.0,2611.1,1.069999999999709,-14.7305
1727743371009.0,2611.1,1.069999999999709,-16.9954
1727743372008.0,2611.1,1.069999999999709,-16.9958
1727743373007.0,2611.1,1.069999999999709,16.5593
1727743374009.0,2611.1,1.0700000000001637,-18.465300000000003
1727743375008.0,2611.1,1.0700000000001637,-15.2217
1727743376008.0,2611.1,1.0700000000001637,13.427
1727743377008.0,2610.9,1.0700000000001637,10.5335
1727743378009.0,2610.8,1.0700000000001637,1.8797999999999995
1727743379008.0,2610.8,1.0700000000001637,1.305299999999999
1727743380007.0,2610.8,1.0700000000001637,-28.2008
1727743381007.0,2611.1,1.0700000000001637,-28.477599999999995
1727743382008.0,2611.5,1.0700000000001637,2.2379999999999995
1727743383008.0,2611.6,1.0700000000001637,-5.077200000000001
1727743384008.0,2611.6,1.0700000000001637,-4.706299999999999
1727743385007.0,2611.6,1.0700000000001637,-4.604199999999999
1727743386007.0,2611.9,1.0700000000001637,-24.897630999999997
1727743387008.0,2612.0,1.0700000000001637,-25.034851000000003
1727743388008.0,2612.0,1.0700000000001637,-49.641071
1727743389008.0,2612.0,1.0700000000001637,-45.691171000000004
1727743390007.0,2612.0,1.0700000000001637,-47.084371000000004
1727743391008.0,2612.0,1.0700000000001637,-27.378526
1727743392009.0,2612.0,1.0700000000001637,-40.283961
1727743393008.0,2612.0,1.0700000000001637,-40.259429
1727743394008.0,2612.0,1.0700000000001637,-22.743921
1727743395007.0,2612.0,1.0700000000001637,-48.010711
1727743396009.0,2612.0,1.0700000000001637,-39.902811
1727743397008.0,2612.2,1.0700000000001637,-88.98410000000001
1727743398008.0,2612.2,1.0700000000001637,-94.8788
1727743399007.0,2612.2,1.0700000000001637,-96.5972
1727743400009.0,2612.2,1.0700000000001637,-101.2527
1727743401007.0,2612.2,1.069999999999709,-139.866342
1727743402008.0,2612.2,1.069999999999709,-111.44640000000001
1727743403008.0,2612.2,1.069999999999709,16.1966
1727743404007.0,2612.1,1.0700000000001637,44.7834
1727743405008.0,2612.0,1.0700000000001637,38.7592
1727743406008.0,2612.0,1.0700000000001637,49.780499999999996
1727743407008.0,2612.0,1.0700000000001637,52.473
1727743408009.0,2612.0,1.0700000000001637,52.452
1727743409008.0,2612.0,1.0700000000001637,21.7635
1727743410008.0,2612.0,1.0700000000001637,30.3476
1727743411008.0,2612.3,1.069999999999709,-43.971000000000004
1727743412007.0,2612.4,1.0700000000001637,-55.9683
1727743413007.0,2612.4,1.0700000000001637,-28.458560000000002
1727743414007.0,2612.4,1.0700000000001637,-55.41167900000001
1727743415007.0,2612.4,1.0700000000001637,-63.2522
1727743416007.0,2612.9,1.0700000000001637,21.829167
1727743417008.0,2612.8,1.0700000000001637,31.440708
1727743418008.0,2612.9,1.0700000000001637,29.257508
1727743419008.0,2612.8,1.0700000000001637,34.797408000000004
1727743420007.0,2612.8,1.0700000000001637,34.883908000000005
1727743421008.0,2613.0,1.0700000000001637,-42.643122000000005
1727743422008.0,2613.3,1.069999999999709,-45.3927
1727743423008.0,2613.3,1.069999999999709,24.1655
1727743424008.0,2613.3,1.069999999999709,28.8946
1727743425008.0,2613.3,1.069999999999709,25.044900000000002
1727743426008.0,2613.2,1.069999999999709,30.1782
1727743427008.0,2613.3,1.069999999999709,25.8809
1727743428009.0,2613.3,1.069999999999709,-2.1411000000000016
1727743429008.0,2613.3,1.069999999999709,-26.3663
1727743430008.0,2613.7,1.0700000000001637,-16.040899999999997
1727743431007.0,2613.7,1.0700000000001637,-21.7573
1727743432008.0,2613.9,1.0700000000001637,-52.9313
1727743433007.0,2613.9,1.0700000000001637,-49.647400000000005
1727743434008.0,2613.9,1.0700000000001637,-25.992900000000002
1727743435008.0,2613.9,1.0700000000001637,-9.991700000000002
1727743436007.0,2613.8,1.0700000000001637,24.4057
1727743437008.0,2613.6,1.069999999999709,47.5843
1727743438009.0,2613.3,1.069999999999709,26.925499999999996
1727743439008.0,2613.3,1.069999999999709,26.3202
1727743440008.0,2613.3,1.069999999999709,36.057300000000005
1727743441008.0,2613.3,1.069999999999709,42.2745
1727743442007.0,2612.9,1.0700000000001637,48.169427
1727743443008.0,2612.9,1.0700000000001637,48.302527000000005
1727743444008.0,2612.9,1.0700000000001637,18.024926999999998
1727743445008.0,2612.9,1.0700000000001637,44.391627
1727743446008.0,2612.9,1.0700000000001637,47.554378
1727743447007.0,2612.8,1.0700000000001637,47.341578
1727743448007.0,2612.8,1.0700000000001637,45.595917
1727743449009.0,2612.8,1.0700000000001637,51.8596
1727743450007.0,2612.8,1.0700000000001637,36.2602
1727743451008.0,2612.9,1.0700000000001637,9.158000000000001
1727743452008.0,2612.9,1.0700000000001637,8.102699999999999
1727743453007.0,2612.8,1.0700000000001637,15.8323
1727743454007.0,2612.8,1.0700000000001637,34.7354
1727743455008.0,2612.8,1.069999999999709,57.708999999999996
1727743456007.0,2612.7,1.0700000000001637,33.9855
1727743457007.0,2612.5,1.069999999999709,38.718738
1727743458008.0,2612.5,1.069999999999709,45.086240000000004
1727743459009.0,2612.4,1.0700000000001637,18.3826
1727743460008.0,2612.4,1.0700000000001637,51.158399
1727743461008.0,2612.4,1.0700000000001637,46.049499
1727743462008.0,2612.4,1.0700000000001637,53.583799
1727743463008.0,2612.1,1.0700000000001637,23.733300000000003
1727743464008.0,2611.3,1.0700000000001637,15.2522
1727743465008.0,2611.0,1.069999999999709,20.5229
1727743466008.0,2610.8,1.0700000000001637,35.822
1727743467008.0,2610.7,1.0700000000001637,46.540800000000004
1727743468007.0,2610.7,1.0700000000001637,-3.612099999999998
1727743469009.0,2610.7,1.0700000000001637,7.822399999999998
1727743470008.0,2610.7,1.0700000000001637,11.878499999999999
1727743471008.0,2610.7,1.0700000000001637,-3.389900000000001
1727743472008.0,2610.7,1.0700000000001637,-11.4461
1727743473007.0,2610.7,1.0700000000001637,-13.459900000000001
1727743474008.0,2610.7,1.0700000000001637,-13.4746
1727743475007.0,2610.7,1.0700000000001637,-24.479849
1727743476007.0,2610.7,1.0700000000001637,-17.185146
1727743477007.0,2610.7,1.0700000000001637,-17.774109
1727743478008.0,2610.7,1.0700000000001637,-19.892929
1727743479008.0,2610.7,1.0700000000001637,-5.161397000000001
1727743480008.0,2610.7,1.0700000000001637,-15.811391000000002
1727743481008.0,2610.7,1.0700000000001637,-25.447891
1727743482007.0,2610.7,1.0700000000001637,-26.791290999999998
1727743483008.0,2610.7,1.0700000000001637,-32.361991
1727743484007.0,2611.0,1.0700000000001637,-20.4065
1727743485007.0,2611.1,1.0700000000001637,-33.2492
1727743486008.0,2611.1,1.0700000000001637,-32.0541
1727743487008.0,2611.1,1.0700000000001637,-37.0116
1727743488008.0,2611.1,1.0700000000001637,-38.176199999999994
1727743489009.0,2611.1,1.0700000000001637,-38.0814
1727743490008.0,2611.1,1.0700000000001637,-37.7471
1727743491008.0,2611.4,1.0700000000001637,-56.3934
1727743492007.0,2611.5,1.0700000000001637,-51.563
1727743493008.0,2611.5,1.0700000000001637,-59.922200000000004
1727743494008.0,2611.5,1.0700000000001637,-49.3074
1727743495008.0,2611.5,1.0700000000001637,-53.959599999999995
1727743496008.0,2611.5,1.0700000000001637,-58.778600000000004
1727743497008.0,2611.5,1.0700000000001637,-60.083099999999995
1727743498007.0,2611.5,1.0700000000001637,-59.1391
1727743499009.0,2611.7,1.069999999999709,-13.0854
1727743500008.0,2611.7,1.069999999999709,-21.727899999999998
1727743501008.0,2611.7,1.069999999999709,-19.416294
1727743502008.0,2611.7,1.069999999999709,-35.707394
1727743503008.0,2612.1,1.0700000000001637,-28.743300000000005
1727743504008.0,2612.3,1.0700000000001637,-33.814699999999995
1727743505008.0,2612.4,1.0700000000001637,-10.6537
1727743506007.0,2612.4,1.0700000000001637,-14.698400000000001
1727743507007.0,2612.4,1.0700000000001637,-10.843500000000002
1727743508007.0,2612.4,1.0700000000001637,-14.5943
1727743509008.0,2612.4,1.0700000000001637,-13.2225
1727743510008.0,2611.8,1.0700000000001637,32.368151
1727743511007.0,2611.5,1.0700000000001637,-15.6222
1727743512008.0,2611.5,1.0700000000001637,-16.522184
1727743513008.0,2611.8,1.069999999999709,-29.300999999999995
1727743514008.0,2611.8,1.069999999999709,-18.9841
1727743515007.0,2611.8,1.069999999999709,-25.794794000000003
1727743516007.0,2612.2,1.069999999999709,-13.521733000000001
1727743517008.0,2612.3,1.069999999999709,-26.3093
1727743518010.0,2612.3,1.0700000000001637,-42.9114
1727743519008.0,2612.7,1.0700000000001637,-35.527
1727743520008.0,2612.8,1.0700000000001637,-6.825271000000001
1727743521008.0,2612.9,1.0700000000001637,7.980629000000002
1727743522008.0,2612.8,1.069999999999709,19.0835
1727743523008.0,2612.6,1.0700000000001637,23.259151
1727743524008.0,2612.3,1.0700000000001637,28.5295
1727743525008.0,2612.2,1.0700000000001637,32.754599999999996
1727743526008.0,2612.2,1.0700000000001637,25.2384
1727743527009.0,2612.2,1.0700000000001637,29.8718
1727743528007.0,2612.1,1.0700000000001637,33.2883
1727743529008.0,2611.7,1.0700000000001637,58.7867
1727743530008.0,2611.7,1.0700000000001637,-42.8227
1727743531008.0,2611.8,1.069999999999709,-46.1448
1727743532007.0,2611.8,1.069999999999709,-21.923
1727743533008.0,2611.7,1.069999999999709,31.698748000000002
1727743534007.0,2611.7,1.069999999999709,-42.536652
1727743535008.0,2612.1,1.0700000000001637,-28.022000000000002
1727743536008.0,2612.1,1.0700000000001637,-24.936200000000003
1727743537007.0,2612.2,1.0700000000001637,-23.379199999999997
1727743538008.0,2612.2,1.0700000000001637,-9.769199999999998
1727743539008.0,2612.2,1.0700000000001637,-10.6861
1727743540009.0,2612.2,1.0700000000001637,-7.804600000000001
1727743541007.0,2612.5,1.0700000000001637,-54.6138
1727743542009.0,2612.5,1.0700000000001637,-49.9978
1727743543007.0,2612.5,1.0700000000001637,-29.380737000000003
1727743544008.0,2612.5,1.0700000000001637,-30.061049000000004
1727743545008.0,2612.5,1.0700000000001637,-26.105449000000004
1727743546008.0,2612.5,1.0700000000001637,-65.84969000000001
1727743547006.0,2612.7,1.069999999999709,22.1392
1727743548008.0,2612.7,1.0700000000001637,52.14305
1727743549007.0,2612.7,1.0700000000001637,29.263350000000003
1727743550008.0,2612.7,1.0700000000001637,34.703950000000006
1727743551009.0,2612.7,1.0700000000001637,44.23225
1727743552010.0,2612.5,1.0700000000001637,30.224553
1727743553007.0,2612.5,1.0700000000001637,40.568853
1727743554008.0,2612.5,1.0700000000001637,-31.580499999999997
1727743555009.0,2613.1,1.0700000000001637,-28.896858
1727743556008.0,2613.2,1.0700000000001637,-8.166699999999999
1727743557007.0,2613.2,1.069999999999709,39.8159
1727743558007.0,2612.9,1.0700000000001637,32.342451000000004
1727743559008.0,2612.7,1.0700000000001637,-6.8809999999999985
1727743560007.0,2612.7,1.0700000000001637,-9.126000000000001
1727743561008.0,2612.6,1.069999999999709,-34.7691
1727743562007.0,2612.7,1.0700000000001637,-67.9163
1727743563009.0,2613.2,1.0700000000001637,-33.478899999999996
1727743564008.0,2613.4,1.069999999999709,-65.142357
1727743565008.0,2613.5,1.0700000000001637,-51.0535
1727743566008.0,2613.7,1.0700000000001637,-7.256205999999999
1727743567007.0,2613.7,1.0700000000001637,0.347094000000002
1727743568008.0,2613.8,1.0700000000001637,-51.877168
1727743569008.0,2614.1,1.0700000000001637,19.151500000000002
1727743570007.0,2613.7,1.0700000000001637,11.2338
1727743571008.0,2613.4,1.0700000000001637,27.999281999999997
1727743572008.0,2613.4,1.0700000000001637,33.759449
1727743573008.0,2613.4,1.0700000000001637,39.648443
1727743574008.0,2613.4,1.0700000000001637,14.4679
1727743575008.0,2613.4,1.0700000000001637,-6.9161
1727743576007.0,2613.4,1.0700000000001637,-6.3589
1727743577008.0,2613.4,1.0700000000001637,-13.544800000000002
1727743578008.0,2613.4,1.0700000000001637,-29.375
1727743579008.0,2613.6,1.0700000000001637,-23.9446
1727743580008.0,2613.6,1.0700000000001637,-24.0839
1727743581008.0,2613.6,1.0700000000001637,-16.7325
1727743582008.0,2613.6,1.0700000000001637,4.6271
1727743583009.0,2613.6,1.0700000000001637,-12.397499999999997
1727743584008.0,2613.6,1.0700000000001637,-16.9107
1727743585008.0,2613.6,1.069999999999709,27.7593
1727743586008.0,2613.6,1.069999999999709,-15.1491
1727743587007.0,2613.6,1.069999999999709,4.6295
1727743588009.0,2613.4,1.0700000000001637,31.407758
1727743589008.0,2613.4,1.0700000000001637,51.880158
1727743590008.0,2613.0,1.0700000000001637,5.060801000000001
1727743591008.0,2612.9,1.0700000000001637,-21.2553
1727743592008.0,2612.9,1.0700000000001637,-15.978000000000002
1727743593008.0,2612.9,1.0700000000001637,-9.725099999999998
1727743594008.0,2612.9,1.0700000000001637,-6.883899999999997
1727743595008.0,2613.3,1.0700000000001637,-26.083849
1727743596007.0,2613.4,1.0700000000001637,-20.841300000000004
1727743597009.0,2613.6,1.069999999999709,-30.2979
1727743598008.0,2613.6,1.0700000000001637,-60.5574
1727743599008.0,2614.1,1.0700000000001637,17.3765
1727743600008.0,2614.0,1.069999999999709,-35.5428
1727743601007.0,2614.1,1.069999999999709,-7.221
1727743602008.0,2614.1,1.069999999999709,3.224499999999999
1727743603007.0,2614.1,1.069999999999709,7.6568000000000005
1727743604008.0,2614.1,1.069999999999709,8.6822
1727743605008.0,2614.0,1.069999999999709,31.970599999999997
1727743606007.0,2614.0,1.069999999999709,11.1484
1727743607009.0,2613.7,1.069999999999709,21.718999999999998
1727743608008.0,2613.6,1.069999999999709,13.2803
1727743609009.0,2613.6,1.069999999999709,-7.663102000000002
1727743610008.0,2613.8,1.0700000000001637,-16.344
1727743611008.0,2614.1,1.069999999999709,-5.318096000000001
1727743612008.0,2614.1,1.069999999999709,-6.376296
1727743613008.0,2614.1,1.069999999999709,-8.538512
1727743614008.0,2614.1,1.069999999999709,-7.988812000000001
1727743615008.0,2614.0,1.069999999999709,1.5726879999999994
1727743616008.0,2614.0,1.069999999999709,-0.3424119999999995
1727743617007.0,2613.7,1.0700000000001637,1.8315000000000001
1727743618007.0,2613.6,1.0700000000001637,19.4148
1727743619007.0,2613.6,1.069999999999709,41.224999999999994
1727743620008.0,2613.6,1.069999999999709,32.7582
1727743621008.0,2614.1,1.0700000000001637,-53.3996
1727743622008.0,2614.1,1.0700000000001637,-60.0186
1727743623008.0,2614.3,1.069999999999709,-62.276700000000005
1727743624008.0,2614.3,1.069999999999709,-49.61019999999999
1727743625008.0,2614.3,1.069999999999709,-31.150299999999998
1727743626008.0,2614.3,1.069999999999709,29.7347
1727743627008.0,2614.2,1.0700000000001637,39.993100000000005
1727743628007.0,2614.2,1.0700000000001637,1.6293000000000006
1727743629008.0,2614.2,1.0700000000001637,-15.691300000000002
1727743630008.0,2614.2,1.0700000000001637,-12.139999999999999
1727743631008.0,2614.2,1.0700000000001637,-31.973399999999998
1727743632007.0,2614.3,1.069999999999709,-33.7573
1727743633008.0,2614.3,1.069999999999709,-34.6674
1727743634008.0,2614.4,1.0700000000001637,-22.607944000000003
1727743635009.0,2614.9,1.0700000000001637,-43.552052
1727743636008.0,2614.8,1.0700000000001637,4.524748000000002
1727743637008.0,2614.8,1.069999999999709,39.975500000000004
1727743638009.0,2614.8,1.069999999999709,24.4831
1727743639008.0,2614.8,1.069999999999709,20.8025
1727743640007.0,2614.6,1.069999999999709,8.7039
1727743641008.0,2614.6,1.069999999999709,-24.0584
1727743642009.0,2614.6,1.0700000000001637,-23.9807
1727743643008.0,2614.8,1.0700000000001637,12.585799999999999
1727743644008.0,2614.7,1.0700000000001637,47.3905
1727743645008.0,2614.9,1.0700000000001637,-81.554152
1727743646008.0,2615.2,1.0700000000001637,-44.8187
1727743647009.0,2615.3,1.0700000000001637,-53.6275
1727743648008.0,2615.3,1.0700000000001637,-55.0965
1727743649007.0,2615.4,1.0700000000001637,-14.642100000000003
1727743650008.0,2615.4,1.0700000000001637,-17.253100000000003
1727743651007.0,2615.3,1.0700000000001637,-48.818599999999996
1727743652008.0,2615.4,1.0700000000001637,-88.08890000000001
1727743653008.0,2615.4,1.0700000000001637,22.393569
1727743654008.0,2615.1,1.0700000000001637,26.637499999999996
1727743655008.0,2615.1,1.0700000000001637,39.213165999999994
1727743656008.0,2614.9,1.0700000000001637,22.8941
1727743657008.0,2614.9,1.0700000000001637,43.080670000000005
1727743658008.0,2614.7,1.0700000000001637,43.4894
1727743659009.0,2614.4,1.069999999999709,39.8245
1727743660009.0,2613.8,1.069999999999709,17.887
1727743661007.0,2613.7,1.0700000000001637,28.1231
1727743662008.0,2613.6,1.0700000000001637,23.7125
1727743663007.0,2613.6,1.069999999999709,55.9191
1727743664008.0,2613.6,1.069999999999709,48.703700000000005
1727743665008.0,2613.6,1.069999999999709,59.389300000000006
1727743666008.0,2613.6,1.069999999999709,42.8607
1727743667009.0,2613.6,1.069999999999709,44.67359999999999
1727743668008.0,2613.6,1.069999999999709,35.71
1727743669008.0,2613.6,1.069999999999709,41.6845
1727743670008.0,2613.6,1.069999999999709,46.183
1727743671009.0,2613.4,1.0700000000001637,47.251672
1727743672008.0,2613.4,1.0700000000001637,-9.734466000000001
1727743673008.0,2613.4,1.0700000000001637,-43.0226
1727743674008.0,2613.5,1.0700000000001637,-42.9418
1727743675008.0,2613.5,1.0700000000001637,-42.9842
1727743676007.0,2613.5,1.0700000000001637,-39.0672
1727743677008.0,2613.5,1.0700000000001637,-33.2911
1727743678008.0,2613.5,1.0700000000001637,-35.2063
1727743679008.0,2613.4,1.0700000000001637,-18.977
1727743680007.0,2613.4,1.0700000000001637,-36.4506
1727743681008.0,2613.6,1.0700000000001637,22.8434
1727743682007.0,2613.4,1.0700000000001637,43.074104
1727743683008.0,2613.4,1.0700000000001637,3.731763000000001
1727743684008.0,2613.4,1.0700000000001637,-1.7879260000000023
1727743685008.0,2613.4,1.0700000000001637,19.75433
1727743686008.0,2613.4,1.0700000000001637,14.069751
1727743687008.0,2613.5,1.0700000000001637,-43.189962
1727743688009.0,2613.5,1.0700000000001637,-42.597951
1727743689008.0,2613.7,1.069999999999709,-7.427199999999999
1727743690008.0,2613.7,1.0700000000001637,-55.3623
1727743691008.0,2613.9,1.069999999999709,-69.52069999999999
1727743692008.0,2614.2,1.069999999999709,-18.379416000000003
1727743693008.0,2614.2,1.069999999999709,-10.175499999999996
1727743694009.0,2614.8,1.0700000000001637,-4.322668999999998
1727743695008.0,2614.8,1.0700000000001637,-26.570100000000004
1727743696008.0,2615.3,1.0700000000001637,16.670779000000003
1727743697008.0,2615.3,1.0700000000001637,32.563379
1727743698008.0,2615.3,1.0700000000001637,30.697779000000004
1727743699008.0,2615.3,1.0700000000001637,10.248178
1727743700007.0,2615.3,1.0700000000001637,-6.461400000000001
1727743701008.0,2615.4,1.0700000000001637,-35.5535
1727743702007.0,2615.4,1.0700000000001637,-26.775599999999997
1727743703007.0,2615.7,1.0700000000001637,17.9311
1727743704008.0,2615.6,1.069999999999709,33.0614
1727743705008.0,2615.6,1.069999999999709,-6.628500000000001
1727743706008.0,2615.6,1.069999999999709,-23.3431
1727743707008.0,2615.6,1.069999999999709,-25.307131000000002
1727743708009.0,2615.5,1.069999999999709,17.6222
1727743709008.0,2615.5,1.069999999999709,31.969600000000003
1727743710011.0,2615.5,1.069999999999709,50.1599
1727743711008.0,2615.3,1.0700000000001637,60.123652
1727743712008.0,2615.0,1.069999999999709,40.7901
1727743713007.0,2614.9,1.0700000000001637,53.451971
1727743714008.0,2614.5,1.0700000000001637,33.472100000000005
1727743715008.0,2614.4,1.0700000000001637,68.26509999999999
1727743716007.0,2614.0,1.0700000000001637,38.203500000000005
1727743717007.0,2613.9,1.0700000000001637,42.149300000000004
1727743718009.0,2613.9,1.0700000000001637,49.1282
1727743719008.0,2613.7,1.069999999999709,19.2591
1727743720008.0,2613.7,1.069999999999709,-18.596600000000002
1727743721012.0,2613.7,1.069999999999709,-21.8471
1727743722008.0,2613.7,1.069999999999709,-25.410400000000003
1727743723009.0,2613.9,1.0700000000001637,-18.440399999999997
1727743724007.0,2613.9,1.0700000000001637,-49.2157
1727743725009.0,2614.0,1.0700000000001637,-49.78
1727743726007.0,2614.2,1.0700000000001637,-20.9813
1727743727009.0,2614.2,1.0700000000001637,32.7258
1727743728007.0,2614.1,1.0700000000001637,47.6553
1727743729008.0,2614.1,1.0700000000001637,8.4754
1727743730007.0,2614.1,1.0700000000001637,-36.2868
1727743731009.0,2614.1,1.0700000000001637,-42.382200000000005
1727743732008.0,2614.2,1.0700000000001637,-9.236867
1727743733008.0,2614.3,1.0700000000001637,-44.8999
1727743734008.0,2614.4,1.0700000000001637,-80.223743
1727743735007.0,2614.4,1.0700000000001637,-60.561499
1727743736008.0,2614.4,1.0700000000001637,-46.906299000000004
1727743737007.0,2614.4,1.0700000000001637,24.109401
1727743738009.0,2614.4,1.0700000000001637,30.670801
1727743739007.0,2614.4,1.0700000000001637,14.574701
1727743740008.0,2614.4,1.0700000000001637,14.028301
1727743741007.0,2614.4,1.0700000000001637,31.743900999999997
1727743742007.0,2614.4,1.0700000000001637,32.567401
1727743743008.0,2614.2,1.0700000000001637,51.5032
1727743744010.0,2614.1,1.0700000000001637,39.0452
1727743745008.0,2613.9,1.0700000000001637,39.5469
1727743746008.0,2613.4,1.0700000000001637,40.6073
1727743747011.0,2613.4,1.0700000000001637,-1.0058000000000007
1727743748008.0,2613.4,1.0700000000001637,2.613900000000001
1727743749008.0,2613.4,1.0700000000001637,-6.5245
1727743750007.0,2613.4,1.0700000000001637,-6.9795
1727743751008.0,2613.4,1.0700000000001637,-9.589700000000002
1727743752008.0,2613.4,1.0700000000001637,-12.668499999999998
1727743753007.0,2613.4,1.0700000000001637,11.918500000000002
1727743754008.0,2613.3,1.069999999999709,22.851415
1727743755009.0,2613.3,1.069999999999709,-14.105052
1727743756008.0,2613.3,1.069999999999709,-11.271480000000004
1727743757008.0,2613.3,1.069999999999709,-3.400299999999998
1727743758008.0,2613.3,1.069999999999709,6.549499999999998
1727743759008.0,2613.3,1.069999999999709,19.400599999999997
1727743760008.0,2613.3,1.069999999999709,12.136400000000002
1727743761008.0,2613.3,1.069999999999709,13.384500000000001
1727743762008.0,2613.3,1.069999999999709,3.0215999999999994
1727743763008.0,2613.3,1.069999999999709,-26.4478
1727743764008.0,2613.3,1.069999999999709,-26.5171
1727743765008.0,2613.3,1.069999999999709,-34.3443
1727743766008.0,2613.3,1.069999999999709,-0.33800000000000097
1727743767008.0,2613.3,1.069999999999709,-9.999999999976694e-05
1727743768008.0,2613.3,1.0700000000001637,15.597983999999997
1727743769008.0,2613.4,1.069999999999709,-58.939809
1727743770008.0,2613.4,1.069999999999709,-73.514509
1727743771008.0,2613.4,1.0700000000001637,-76.3426
1727743772007.0,2613.4,1.0700000000001637,-81.2313
1727743773008.0,2613.5,1.0700000000001637,-43.898799
1727743774007.0,2613.8,1.0700000000001637,-31.172437
1727743775008.0,2613.7,1.0700000000001637,4.580100999999999
1727743776007.0,2613.8,1.069999999999709,-27.044999999999998
1727743777009.0,2613.8,1.069999999999709,-10.9655
1727743778009.0,2613.8,1.069999999999709,34.3305
1727743779008.0,2613.5,1.0700000000001637,9.426100000000002
1727743780007.0,2613.4,1.0700000000001637,24.2581
1727743781008.0,2613.4,1.0700000000001637,25.0743
1727743782007.0,2613.4,1.0700000000001637,-32.3397
1727743783008.0,2613.7,1.0700000000001637,-27.8133
1727743784008.0,2613.7,1.0700000000001637,-24.1959
1727743785008.0,2613.7,1.0700000000001637,-28.223399999999998
1727743786007.0,2613.7,1.0700000000001637,-28.4713
1727743787008.0,2613.7,1.0700000000001637,-34.175000000000004
1727743788008.0,2613.7,1.0700000000001637,-39.6841
1727743789007.0,2613.7,1.0700000000001637,-34.1756
1727743790008.0,2613.7,1.0700000000001637,-22.849300000000003
1727743791008.0,2613.7,1.0700000000001637,-32.4522
1727743792008.0,2613.7,1.0700000000001637,-33.4187
1727743793007.0,2613.7,1.0700000000001637,-53.2902
1727743794007.0,2613.7,1.0700000000001637,-42.9626
1727743795008.0,2613.7,1.0700000000001637,-58.1584
1727743796008.0,2613.7,1.0700000000001637,-43.1029
1727743797008.0,2613.7,1.0700000000001637,-36.7898
1727743798009.0,2613.7,1.0700000000001637,-29.948317999999997
1727743799008.0,2613.7,1.0700000000001637,-17.5461
1727743800007.0,2613.7,1.0700000000001637,-19.3959
1727743801008.0,2613.8,1.0700000000001637,-50.8494
1727743802007.0,2613.7,1.0700000000001637,25.154300000000003
1727743803007.0,2613.3,1.069999999999709,31.551399999999997
1727743804008.0,2613.4,1.0700000000001637,-24.3112
1727743805008.0,2614.0,1.0700000000001637,-46.6639
1727743806008.0,2614.2,1.0700000000001637,-50.12519999999999
1727743807008.0,2614.2,1.0700000000001637,-45.8445
1727743808008.0,2614.2,1.0700000000001637,-72.1549
1727743809008.0,2614.2,1.0700000000001637,17.759999999999998
1727743810007.0,2614.3,1.0700000000001637,22.2881
1727743811008.0,2614.1,1.069999999999709,20.9059
1727743812007.0,2614.1,1.069999999999709,-6.831299999999999
1727743813010.0,2614.1,1.069999999999709,-6.653100000000002
1727743814007.0,2614.1,1.069999999999709,-37.2229
1727743815008.0,2614.2,1.069999999999709,-41.224000000000004
1727743816008.0,2614.8,1.0700000000001637,-297.8463
1727743817008.0,2615.0,1.0700000000001637,-51.842299999999994
1727743818007.0,2615.2,1.0700000000001637,9.606900000000001
1727743819008.0,2615.2,1.0700000000001637,5.462149999999999
1727743820008.0,2615.0,1.0700000000001637,-234.1227
1727743821008.0,2614.9,1.0700000000001637,-285.5176
1727743822008.0,2614.9,1.0700000000001637,-286.6127
1727743823008.0,2614.6,1.069999999999709,-13.3808
1727743824007.0,2614.9,1.0700000000001637,-15.111400000000001
1727743825008.0,2615.2,1.0700000000001637,-52.67005
1727743826008.0,2615.2,1.0700000000001637,-65.1979
1727743827007.0,2615.3,1.0700000000001637,-67.5257
1727743828009.0,2614.8,1.0700000000001637,9.573199999999998
1727743829007.0,2615.2,1.0700000000001637,6.4893
1727743830007.0,2615.2,1.0700000000001637,24.0193
1727743831008.0,2615.2,1.0700000000001637,26.3876
1727743832008.0,2615.2,1.069999999999709,44.827
1727743833008.0,2615.2,1.0700000000001637,32.315799999999996
1727743834008.0,2615.1,1.0700000000001637,19.619800000000005
1727743835008.0,2615.2,1.0700000000001637,-10.3138
1727743836008.0,2615.1,1.0700000000001637,1.0869999999999997
1727743837008.0,2615.1,1.0700000000001637,-2.644099999999998
1727743838007.0,2615.1,1.0700000000001637,-7.2303
1727743839010.0,2615.2,1.0700000000001637,-39.0491
1727743840009.0,2615.9,1.0700000000001637,0.6746999999999996
1727743841008.0,2616.7,1.0700000000001637,-23.572299999999995
1727743842008.0,2617.0,1.0700000000001637,-66.544869
1727743843008.0,2616.9,1.0700000000001637,16.435200000000002
1727743844008.0,2617.2,1.069999999999709,-5.061700000000002
1727743845007.0,2616.9,1.0700000000001637,-42.451299999999996
1727743846008.0,2617.2,1.069999999999709,-6.4148
1727743847008.0,2617.2,1.069999999999709,-16.858599999999996
1727743848008.0,2617.3,1.069999999999709,-43.826336
1727743849014.0,2617.5,1.0700000000001637,-25.327683999999998
1727743850009.0,2618.0,1.0700000000001637,-26.225129999999996
1727743851007.0,2619.0,1.0700000000001637,7.745092000000001
1727743852008.0,2619.4,1.069999999999709,-50.1751
1727743853008.0,2620.3,1.0700000000001637,18.905699999999996
1727743854008.0,2621.0,1.0700000000001637,27.924712999999997
1727743855008.0,2620.4,1.0700000000001637,-42.107853999999996
1727743856008.0,2620.4,1.0700000000001637,41.7201
1727743857008.0,2620.4,1.0700000000001637,-19.3639
1727743858008.0,2620.8,1.0700000000001637,12.039000000000001
1727743859009.0,2620.6,1.069999999999709,0.2624999999999993
1727743860009.0,2620.1,1.069999999999709,34.8116
1727743861008.0,2619.5,1.069999999999709,59.813824
1727743862009.0,2619.6,1.1100000000001273,40.1372
1727743863008.0,2619.2,1.069999999999709,-26.4426
1727743864008.0,2619.2,1.0700000000001637,20.041199999999996
1727743865008.0,2619.0,1.069999999999709,0.9512999999999998
1727743866009.0,2618.8,1.0700000000001637,-0.16559999999999775
1727743867007.0,2618.7,1.0700000000001637,-0.028999999999999915
1727743868008.0,2618.8,1.0700000000001637,-31.094300000000004
1727743869008.0,2619.1,1.069999999999709,27.0389
1727743870007.0,2618.8,1.069999999999709,45.2449
1727743871008.0,2618.7,1.0700000000001637,-5.8294999999999995
1727743872007.0,2617.9,1.0700000000001637,-1.8902999999999999
1727743873008.0,2618.3,1.0700000000001637,-33.502399999999994
1727743874007.0,2618.4,1.0700000000001637,-92.642634
1727743875008.0,2618.7,1.0700000000001637,-29.607099999999996
1727743876007.0,2618.9,1.0700000000001637,-26.326100000000004
1727743877010.0,2618.9,1.0700000000001637,-48.448387999999994
1727743878007.0,2618.8,1.069999999999709,6.4202999999999975
1727743879007.0,2618.6,1.069999999999709,19.18
1727743880010.0,2620.2,1.0700000000001637,-11.207
1727743881008.0,2620.8,1.069999999999709,-27.367700000000003
1727743882008.0,2620.9,1.069999999999709,-14.012799999999999
1727743883008.0,2621.3,1.0700000000001637,-47.429199999999994
1727743884008.0,2621.5,1.069999999999709,34.767
1727743885012.0,2621.5,1.069999999999709,-25.4516
1727743886008.0,2621.8,1.0700000000001637,-63.47489999999999
1727743887008.0,2621.4,1.0700000000001637,47.65
1727743888007.0,2621.8,1.0700000000001637,9.363800000000001
1727743889007.0,2623.2,1.069999999999709,4.038399999999999
1727743890010.0,2623.3,1.0700000000001637,6.2440000000000015
1727743891008.0,2623.3,1.0700000000001637,-50.625092
1727743892007.0,2623.1,1.0700000000001637,30.6476
1727743893008.0,2622.6,1.069999999999709,-24.2535
1727743894008.0,2622.5,1.069999999999709,16.160600000000002
1727743895007.0,2622.4,1.069999999999709,16.1083
1727743896008.0,2622.4,1.069999999999709,19.209600000000002
1727743897012.0,2622.5,1.069999999999709,17.4311
1727743898008.0,2621.9,1.0700000000001637,47.04469999999999
1727743899007.0,2621.9,1.0700000000001637,55.161500000000004
1727743900008.0,2621.9,1.0700000000001637,13.4603
1727743901007.0,2621.7,1.0700000000001637,0.3241000000000014
1727743902009.0,2621.4,1.0700000000001637,13.9179
1727743903008.0,2621.5,1.0700000000001637,48.2851
1727743904007.0,2621.0,1.0700000000001637,36.5176
1727743905008.0,2620.6,1.0700000000001637,35.3142
1727743906008.0,2620.5,1.0700000000001637,42.6582
1727743907008.0,2620.1,1.0700000000001637,30.206899999999997
1727743908008.0,2620.1,1.0700000000001637,42.6769
1727743909007.0,2620.5,1.0700000000001637,30.78612
1727743910008.0,2620.5,1.0700000000001637,29.2057
1727743911007.0,2620.4,1.0700000000001637,32.8227
1727743912009.0,2621.2,1.0700000000001637,-21.7808
1727743913008.0,2621.3,1.0700000000001637,32.4576
1727743914010.0,2621.3,1.0700000000001637,30.932299999999998
1727743915008.0,2621.3,1.0700000000001637,-21.335099999999997
1727743916008.0,2621.3,1.0700000000001637,3.0223000000000013
1727743917008.0,2621.5,1.0700000000001637,-33.758
1727743918008.0,2621.5,1.0700000000001637,35.5026
1727743919008.0,2621.5,1.0700000000001637,37.2408
1727743920008.0,2621.6,1.0700000000001637,-21.320265999999997
1727743921008.0,2621.2,1.0700000000001637,57.8236
1727743922008.0,2620.7,1.0700000000001637,-7.025199999999998
1727743923008.0,2620.4,1.0700000000001637,61.065999999999995
1727743924007.0,2619.9,1.0700000000001637,34.04820000000001
1727743925009.0,2619.9,1.0700000000001637,7.087732000000003
1727743926008.0,2619.9,1.0700000000001637,32.709199999999996
1727743927007.0,2619.9,1.0700000000001637,26.461711
1727743928008.0,2619.8,1.0700000000001637,63.3645
1727743929008.0,2619.5,1.0700000000001637,36.8786
1727743930007.0,2619.5,1.0700000000001637,-1.943999999999999
1727743931008.0,2619.5,1.0700000000001637,-24.340899999999998
1727743932008.0,2620.0,1.0700000000001637,25.3604
1727743933008.0,2619.6,1.069999999999709,59.147000000000006
1727743934008.0,2619.4,1.0700000000001637,33.96209999999999
1727743935008.0,2619.7,1.069999999999709,-66.8966
1727743936008.0,2619.9,1.0700000000001637,9.634500000000003
1727743937008.0,2620.1,1.0700000000001637,-69.8686
1727743938007.0,2620.3,1.0700000000001637,-1.4954999999999998
1727743939008.0,2620.3,1.0700000000001637,-48.5656
1727743940008.0,2620.7,1.069999999999709,-40.754000000000005
1727743941008.0,2620.7,1.069999999999709,-44.595089
1727743942008.0,2620.7,1.069999999999709,12.340902999999999
1727743943008.0,2620.2,1.0700000000001637,-6.1739999999999995
1727743944008.0,2620.2,1.0700000000001637,0.6465999999999994
1727743945008.0,2620.2,1.0700000000001637,-34.860600000000005
1727743946010.0,2620.3,1.0700000000001637,-40.3652
1727743947010.0,2620.6,1.0700000000001637,10.8936
1727743948008.0,2620.7,1.0700000000001637,-45.6203
1727743949007.0,2620.8,1.0700000000001637,-41.5809
1727743950007.0,2620.8,1.0700000000001637,2.8064999999999998
1727743951007.0,2620.4,1.0700000000001637,8.241300000000003
1727743952007.0,2620.4,1.0700000000001637,-17.899500000000003
1727743953008.0,2620.4,1.0700000000001637,-27.228499999999997
1727743954007.0,2620.4,1.0700000000001637,-61.562599999999996
1727743955007.0,2620.5,1.0700000000001637,-76.82490000000001
1727743956008.0,2620.7,1.0700000000001637,-68.1392
1727743957007.0,2620.9,1.0700000000001637,-17.548299999999998
1727743958008.0,2620.9,1.0700000000001637,-63.205999999999996
1727743959007.0,2621.0,1.069999999999709,-76.2004
1727743960008.0,2621.0,1.069999999999709,-79.3774
1727743961008.0,2621.7,1.0700000000001637,-13.0503
1727743962007.0,2621.8,1.069999999999709,40.0747
1727743963008.0,2621.5,1.069999999999709,88.9182
1727743964008.0,2621.6,1.069999999999709,-44.1095
1727743965009.0,2621.6,1.069999999999709,-32.5137
1727743966008.0,2621.6,1.069999999999709,-54.781800000000004
1727743967008.0,2621.6,1.069999999999709,-25.932900000000004
1727743968008.0,2621.8,1.0700000000001637,-37.694
1727743969008.0,2621.9,1.0700000000001637,-8.507499999999997
1727743970008.0,2621.9,1.0700000000001637,-27.329700000000003
1727743971008.0,2622.3,1.069999999999709,-49.249399999999994
1727743972008.0,2622.2,1.0700000000001637,77.5598
1727743973008.0,2622.1,1.069999999999709,44.3511
1727743974008.0,2621.5,1.069999999999709,-35.557700000000004
1727743975008.0,2621.5,1.069999999999709,25.9768
1727743976009.0,2621.5,1.069999999999709,4.914300000000001
1727743977009.0,2621.5,1.069999999999709,-30.552500000000002
1727743978007.0,2621.8,1.0700000000001637,-17.387
1727743979008.0,2621.8,1.0700000000001637,-33.497800000000005
1727743980008.0,2621.8,1.0700000000001637,-28.798499999999997
1727743981008.0,2621.9,1.069999999999709,-21.2204
1727743982008.0,2622.2,1.0700000000001637,-12.0222
1727743983008.0,2622.4,1.0700000000001637,-46.7972
1727743984007.0,2622.4,1.0700000000001637,29.110347
1727743985008.0,2621.8,1.069999999999709,37.181
1727743986009.0,2621.8,1.069999999999709,-40.832342999999995
1727743987008.0,2621.8,1.069999999999709,-44.4893
1727743988008.0,2621.8,1.069999999999709,-47.300335000000004
1727743989008.0,2621.7,1.069999999999709,30.8457
1727743990009.0,2621.7,1.069999999999709,10.694099999999999
1727743991009.0,2621.7,1.069999999999709,-26.199599999999997
1727743992008.0,2621.7,1.069999999999709,9.7315
1727743993008.0,2621.0,1.0700000000001637,40.605000000000004
1727743994007.0,2620.9,1.0700000000001637,41.093599999999995
1727743995008.0,2620.9,1.0700000000001637,28.266399999999997
1727743996008.0,2620.9,1.0700000000001637,25.6774
1727743997007.0,2620.5,1.0700000000001637,36.845925
1727743998008.0,2620.5,1.0700000000001637,-17.1664
1727743999008.0,2620.5,1.0700000000001637,28.256449000000003
1727744000007.0,2620.4,1.0700000000001637,58.758300000000006
1727744001009.0,2620.4,1.0700000000001637,72.0189
1727744002010.0,2620.4,1.0700000000001637,68.71119999999999
1727744003007.0,2620.4,1.0700000000001637,76.5472
1727744004008.0,2620.4,1.0700000000001637,26.916500000000003
1727744005008.0,2620.4,1.0700000000001637,-31.386400000000002
1727744006008.0,2620.4,1.0700000000001637,-13.932299999999998
1727744007008.0,2620.4,1.0700000000001637,-15.568599999999996
1727744008008.0,2620.4,1.0700000000001637,14.5879
1727744009008.0,2620.3,1.0700000000001637,61.353199999999994
1727744010008.0,2620.3,1.0700000000001637,41.7253
1727744011008.0,2620.4,1.0700000000001637,-3.7131000000000007
1727744012008.0,2620.3,1.0700000000001637,21.662499999999998
1727744013009.0,2620.1,1.069999999999709,31.3594
1727744014008.0,2619.5,1.0700000000001637,28.643
1727744015008.0,2619.4,1.0700000000001637,32.747
1727744016007.0,2619.3,1.0700000000001637,34.4792
1727744017008.0,2619.1,1.0700000000001637,46.038999999999994
1727744018007.0,2619.1,1.0700000000001637,45.7108
1727744019008.0,2619.1,1.0700000000001637,-19.311803
1727744020008.0,2619.0,1.0700000000001637,-7.6998999999999995
1727744021008.0,2618.9,1.0700000000001637,69.7382
1727744022008.0,2618.9,1.0700000000001637,61.5531
1727744023008.0,2618.9,1.0700000000001637,43.767599999999995
1727744024007.0,2618.9,1.0700000000001637,9.819899999999999
1727744025008.0,2618.9,1.0700000000001637,15.197500000000002
1727744026007.0,2619.2,1.0700000000001637,-8.8138
1727744027009.0,2619.3,1.0700000000001637,-4.4404
1727744028009.0,2619.6,1.0700000000001637,-38.2583
1727744029007.0,2619.7,1.069999999999709,-8.876999999999999
1727744030007.0,2619.6,1.069999999999709,52.015755
1727744031007.0,2619.5,1.069999999999709,56.341555
1727744032007.0,2619.4,1.0700000000001637,42.2319
1727744033007.0,2619.4,1.0700000000001637,37.0097
1727744034008.0,2619.4,1.0700000000001637,19.3438
1727744035007.0,2619.4,1.0700000000001637,49.626000000000005
1727744036008.0,2619.4,1.0700000000001637,30.287
1727744037009.0,2619.2,1.069999999999709,39.342706
1727744038007.0,2618.9,1.0700000000001637,-5.6721179999999976
1727744039009.0,2618.9,1.0700000000001637,47.0475
1727744040008.0,2618.9,1.0700000000001637,36.6828
1727744041008.0,2618.8,1.069999999999709,56.79900000000001
1727744042008.0,2618.5,1.0700000000001637,48.896100000000004
1727744043008.0,2618.5,1.0700000000001637,48.8819
1727744044007.0,2618.5,1.0700000000001637,27.508
1727744045008.0,2618.5,1.0700000000001637,1.4428999999999998
1727744046008.0,2618.5,1.0700000000001637,5.971500000000001
1727744047008.0,2618.5,1.0700000000001637,-21.4805
1727744048007.0,2618.5,1.0700000000001637,-21.493
1727744049007.0,2618.5,1.0700000000001637,-4.4003
1727744050009.0,2618.9,1.069999999999709,7.6396
1727744051007.0,2619.2,1.069999999999709,-15.9209
1727744052007.0,2619.2,1.069999999999709,-14.766199999999998
1727744053008.0,2619.3,1.0700000000001637,-52.7949
1727744054008.0,2619.3,1.0700000000001637,-8.145600000000002
1727744055006.0,2619.3,1.0700000000001637,10.5465
1727744056008.0,2619.3,1.0700000000001637,10.6139
1727744057008.0,2619.3,1.0700000000001637,5.370100000000001
1727744058008.0,2618.8,1.069999999999709,54.768299999999996
1727744059008.0,2618.7,1.069999999999709,55.3476
1727744060007.0,2618.7,1.069999999999709,-5.015599999999999
1727744061010.0,2618.7,1.069999999999709,-8.801100000000002
1727744062007.0,2618.3,1.0700000000001637,20.846899999999998
1727744063007.0,2618.0,1.0700000000001637,-1.6065999999999985
1727744064008.0,2618.0,1.0700000000001637,-7.191198000000002
1727744065008.0,2618.0,1.0700000000001637,-12.703500000000002
1727744066007.0,2618.0,1.0700000000001637,-3.6278000000000006
1727744067008.0,2618.0,1.0700000000001637,-15.7547
1727744068008.0,2618.1,1.0700000000001637,-13.787199999999999
1727744069008.0,2618.1,1.0700000000001637,-14.722900000000001
1727744070007.0,2618.0,1.0700000000001637,-18.000435000000003
1727744071009.0,2618.0,1.0700000000001637,-29.586135
1727744072007.0,2618.0,1.0700000000001637,-25.658535
1727744073007.0,2618.2,1.0700000000001637,-58.518989000000005
1727744074008.0,2618.5,1.069999999999709,-25.217000000000002
1727744075008.0,2618.6,1.069999999999709,-15.279999999999998
1727744076008.0,2618.3,1.069999999999709,15.4921
1727744077008.0,2618.3,1.069999999999709,-1.4120999999999988
1727744078008.0,2618.2,1.069999999999709,-58.8491
1727744079008.0,2618.4,1.069999999999709,-16.164133999999997
1727744080008.0,2618.4,1.069999999999709,-16.149099999999997
1727744081009.0,2618.3,1.0700000000001637,33.0402
1727744082007.0,2618.3,1.0700000000001637,21.8485
1727744083008.0,2618.3,1.0700000000001637,1.1587999999999994
1727744084008.0,2618.4,1.0700000000001637,-33.927696000000005
1727744085008.0,2618.5,1.0700000000001637,-24.853799999999996
1727744086007.0,2618.4,1.0700000000001637,33.3802
1727744087008.0,2618.4,1.0700000000001637,11.799700000000001
1727744088007.0,2618.4,1.0700000000001637,12.890999999999998
1727744089008.0,2618.4,1.0700000000001637,13.176799999999998
1727744090008.0,2618.4,1.0700000000001637,-37.5211
1727744091007.0,2618.6,1.0700000000001637,-6.673
1727744092007.0,2619.1,1.0700000000001637,-13.009
1727744093009.0,2619.1,1.0700000000001637,15.8603
1727744094008.0,2618.6,1.069999999999709,20.9759
1727744095007.0,2618.5,1.069999999999709,1.145199999999999
1727744096008.0,2618.5,1.069999999999709,-19.288800000000002
1727744097006.0,2618.5,1.069999999999709,-18.204118
1727744098008.0,2618.5,1.069999999999709,-29.619417999999996
1727744099008.0,2618.8,1.0700000000001637,-41.9852
1727744100008.0,2618.8,1.0700000000001637,-13.994159
1727744101008.0,2619.0,1.069999999999709,-18.3608
1727744102008.0,2619.1,1.0700000000001637,-43.1795
1727744103007.0,2619.7,1.069999999999709,22.296516
1727744104009.0,2619.7,1.0700000000001637,-51.435700000000004
1727744105008.0,2619.8,1.0700000000001637,-21.974999999999998
1727744106008.0,2619.8,1.0700000000001637,-21.2331
1727744107008.0,2620.2,1.0700000000001637,-53.4642
1727744108008.0,2620.3,1.0700000000001637,-72.1798
1727744109008.0,2620.4,1.0700000000001637,-83.48108599999999
1727744110008.0,2620.1,1.069999999999709,36.368559000000005
1727744111008.0,2619.9,1.0700000000001637,5.204699999999999
1727744112007.0,2619.9,1.0700000000001637,-12.4577
1727744113008.0,2620.1,1.0700000000001637,-43.674
1727744114008.0,2620.1,1.0700000000001637,-20.3625
1727744115008.0,2620.1,1.0700000000001637,-20.192000000000004
1727744116008.0,2620.1,1.0700000000001637,-16.5264
1727744117008.0,2619.9,1.0700000000001637,55.0464
1727744118008.0,2619.6,1.069999999999709,-63.243309
1727744119007.0,2619.6,1.069999999999709,-40.133608
1727744120008.0,2619.6,1.069999999999709,-27.263
1727744121008.0,2619.6,1.069999999999709,-43.337500000000006
1727744122007.0,2619.7,1.0700000000001637,-22.823
1727744123008.0,2619.6,1.0700000000001637,17.273200000000003
1727744124007.0,2619.4,1.0700000000001637,26.9244
1727744125007.0,2619.4,1.0700000000001637,-14.085799999999999
1727744126008.0,2619.4,1.0700000000001637,-0.44439999999999813
1727744127008.0,2619.4,1.0700000000001637,-11.9256
1727744128008.0,2619.6,1.0700000000001637,-26.447799999999997
1727744129008.0,2619.6,1.0700000000001637,-28.2496
1727744130009.0,2619.6,1.0700000000001637,-26.260999999999996
1727744131008.0,2619.6,1.0700000000001637,-8.5958
1727744132007.0,2619.6,1.0700000000001637,-9.197299999999998
1727744133008.0,2619.6,1.0700000000001637,0.3089000000000013
1727744134008.0,2619.6,1.0700000000001637,2.4217999999999975
1727744135008.0,2619.6,1.0700000000001637,7.490700000000002
1727744136008.0,2619.5,1.069999999999709,39.1951
1727744137008.0,2619.5,1.069999999999709,44.5402
1727744138010.0,2619.4,1.0700000000001637,54.2463
1727744139008.0,2619.5,1.0700000000001637,-51.0828
1727744140007.0,2620.1,1.0700000000001637,-62.386599
1727744141009.0,2620.1,1.0700000000001637,19.511570999999996
1727744142010.0,2620.1,1.0700000000001637,-48.7752
1727744143008.0,2620.3,1.0700000000001637,-66.661
1727744144008.0,2620.8,1.0700000000001637,-40.0253
1727744145008.0,2620.8,1.0700000000001637,-18.5539
1727744146007.0,2620.8,1.0700000000001637,-29.036
1727744147009.0,2620.8,1.0700000000001637,-60.5955
1727744148008.0,2621.2,1.069999999999709,-35.9184
1727744149008.0,2621.0,1.0700000000001637,19.9529
1727744150007.0,2620.9,1.0700000000001637,1.3835999999999977
1727744151008.0,2620.9,1.0700000000001637,26.1083
1727744152007.0,2620.9,1.0700000000001637,2.2574999999999967
1727744153008.0,2620.9,1.0700000000001637,14.816399999999998
1727744154007.0,2620.9,1.0700000000001637,25.054199999999998
1727744155009.0,2620.6,1.069999999999709,31.2446
1727744156007.0,2620.4,1.0700000000001637,77.4773
1727744157008.0,2620.3,1.0700000000001637,4.994
1727744158008.0,2620.0,1.0700000000001637,-10.9175
1727744159007.0,2620.0,1.0700000000001637,-8.225200000000001
1727744160008.0,2620.0,1.0700000000001637,-4.6606999999999985
1727744161008.0,2620.0,1.0700000000001637,-4.182000000000002
1727744162008.0,2620.0,1.0700000000001637,-7.525299999999998
1727744163008.0,2620.0,1.0700000000001637,-7.611300000000002
1727744164008.0,2620.0,1.0700000000001637,1.5013000000000005
1727744165008.0,2620.0,1.0700000000001637,12.281400000000001
1727744166009.0,2620.0,1.0700000000001637,-20.8345
1727744167008.0,2621.0,1.0700000000001637,5.9041999999999994
1727744168008.0,2621.1,1.0700000000001637,-28.5142
1727744169007.0,2621.2,1.0700000000001637,-36.0094
1727744170008.0,2621.2,1.0700000000001637,-31.553900000000002
1727744171008.0,2621.2,1.0700000000001637,-18.950100000000003
1727744172008.0,2621.2,1.0700000000001637,27.867800000000003
1727744173008.0,2620.8,1.069999999999709,44.408481
1727744174008.0,2620.7,1.0700000000001637,51.2114
1727744175008.0,2620.7,1.0700000000001637,51.2178
1727744176008.0,2620.7,1.0700000000001637,-19.336199999999998
1727744177008.0,2621.0,1.0700000000001637,-49.0591
1727744178008.0,2621.0,1.0700000000001637,-44.4432
1727744179008.0,2621.0,1.0700000000001637,2.854339999999997
1727744180008.0,2621.1,1.069999999999709,-67.10142400000001
1727744181008.0,2621.3,1.069999999999709,-82.5465
1727744182008.0,2621.4,1.0700000000001637,-38.7897
1727744183008.0,2621.5,1.0700000000001637,-30.969500000000004
1727744184008.0,2622.2,1.069999999999709,-39.2994
1727744185007.0,2622.4,1.069999999999709,-28.910834
1727744186009.0,2622.4,1.0700000000001637,-37.093
1727744187008.0,2622.4,1.0700000000001637,-2.9418289999999985
1727744188007.0,2622.4,1.0700000000001637,1.7153709999999975
1727744189008.0,2622.4,1.069999999999709,3.2471999999999994
1727744190008.0,2622.3,1.069999999999709,20.2645
1727744191008.0,2622.4,1.069999999999709,33.3654
1727744192007.0,2622.3,1.069999999999709,25.5616
1727744193008.0,2622.1,1.069999999999709,34.33055
1727744194008.0,2622.1,1.069999999999709,-33.6118
1727744195008.0,2622.1,1.069999999999709,-33.6137
1727744196008.0,2622.1,1.069999999999709,-25.424799999999998
1727744197007.0,2622.1,1.069999999999709,-16.329100000000004
1727744198008.0,2622.1,1.069999999999709,-6.7041
1727744199008.0,2622.0,1.069999999999709,19.7547
1727744200008.0,2621.8,1.0700000000001637,43.932304
1727744201008.0,2621.5,1.069999999999709,23.3016
1727744202008.0,2621.5,1.069999999999709,-19.6929
1727744203008.0,2621.5,1.069999999999709,18.823999999999998
1727744204008.0,2621.5,1.069999999999709,23.8787
1727744205008.0,2621.4,1.0700000000001637,66.886657
1727744206009.0,2621.4,1.0700000000001637,34.753107
1727744207008.0,2621.0,1.069999999999709,46.7846
1727744208008.0,2621.0,1.069999999999709,-38.543243
1727744209008.0,2621.4,1.0700000000001637,-29.010299999999997
1727744210008.0,2621.4,1.0700000000001637,0.3555160000000015
1727744211008.0,2621.4,1.0700000000001637,15.378416000000001
1727744212008.0,2620.9,1.0700000000001637,24.325499999999998
1727744213008.0,2620.9,1.0700000000001637,10.548000000000002
1727744214008.0,2621.0,1.0700000000001637,21.0122
1727744215008.0,2620.9,1.0700000000001637,21.700000000000003
1727744216008.0,2620.9,1.0700000000001637,22.654899999999998
1727744217007.0,2620.9,1.0700000000001637,18.3521
1727744218008.0,2620.9,1.0700000000001637,0.11380000000000123
1727744219009.0,2621.0,1.0700000000001637,-7.941700000000001
1727744220008.0,2621.0,1.0700000000001637,-45.897051
1727744221008.0,2621.0,1.0700000000001637,-9.976841
1727744222007.0,2620.9,1.0700000000001637,21.3209
