ts,price,spread,size_spread
1727742410.008,63345.0,25.369999999995343,2.5411
1727742411.008,63342.0,25.349999999998545,1.4378600000000001
1727742412.007,63335.0,25.349999999998545,-1.4381300000000001
1727742413.007,63334.0,25.35000000000582,2.68778
1727742414.007,63321.0,25.35000000000582,4.284610000000001
1727742415.009,63319.0,25.349999999998545,3.4029399999999996
1727742416.008,63311.0,25.35000000000582,1.1802399999999997
1727742417.007,63311.0,25.349999999998545,6.0327910000000005
1727742418.007,63318.0,25.349999999998545,-4.517111
1727742419.007,63315.0,25.35000000000582,3.1342700000000003
1727742420.007,63315.0,25.35000000000582,2.7553399999999995
1727742421.008,63311.0,25.349999999998545,6.054538
1727742422.009,63302.0,25.349999999998545,4.6602950000000005
1727742423.009,63294.0,25.35000000000582,2.865544
1727742424.009,63292.0,25.35000000000582,4.131234
1727742425.007,63295.0,25.35000000000582,-1.672766
1727742426.007,63295.0,25.35000000000582,-1.8443760000000002
1727742427.007,63295.0,25.35000000000582,-2.2744359999999997
1727742428.007,63309.0,25.349999999998545,-6.24731
1727742429.008,63313.0,25.349999999998545,-8.764261
1727742430.008,63321.0,25.35000000000582,-2.46985
1727742431.008,63321.0,25.35000000000582,-0.14383999999999997
1727742432.007,63315.0,25.349999999998545,5.29845
1727742433.008,63308.0,25.35000000000582,4.84027
1727742434.007,63301.0,25.349999999998545,6.599905
1727742435.007,63301.0,25.349999999998545,5.408335
1727742436.008,63295.0,25.349999999998545,-0.7518499999999999
1727742437.009,63295.0,25.349999999998545,-0.17188999999999988
1727742438.007,63296.0,25.349999999998545,-3.53652
1727742439.007,63300.0,25.35000000000582,-2.6767199999999995
1727742440.007,63311.0,25.349999999998545,-5.235774
1727742441.008,63313.0,25.349999999998545,-3.454204
1727742442.007,63312.0,25.349999999998545,-0.05813399999999991
1727742443.007,63313.0,25.349999999998545,-2.1024339999999997
1727742444.008,63312.0,25.349999999998545,1.5812359999999999
1727742445.007,63312.0,25.349999999998545,0.09474599999999977
1727742446.007,63315.0,25.35000000000582,-7.45653
1727742447.007,63316.0,25.35000000000582,-7.02525
1727742448.008,63332.0,25.349999999998545,-7.43476
1727742449.008,63334.0,25.349999999998545,-1.5306719999999998
1727742450.007,63343.0,25.349999999998545,-10.634929
1727742451.007,63341.0,25.349999999998545,-0.4958280000000004
1727742452.007,63344.0,25.349999999998545,-6.800784999999999
1727742453.008,63342.0,25.37000000000262,4.9110499999999995
1727742454.009,63342.0,25.37000000000262,1.3908399999999999
1727742455.007,63342.0,25.37000000000262,2.21891
1727742456.007,63344.0,25.37000000000262,-0.7504599999999999
1727742457.008,63345.0,25.369999999995343,-7.6689
1727742458.008,63348.0,25.37000000000262,-6.40707
1727742459.007,63343.0,25.369999999995343,2.48625
1727742460.008,63343.0,25.369999999995343,2.2143400000000004
1727742461.012,63346.0,25.369999999995343,-3.73102
1727742462.008,63346.0,25.369999999995343,-4.07727
1727742463.008,63346.0,25.369999999995343,-3.10312
1727742464.008,63347.0,25.369999999995343,-0.10863999999999985
1727742465.007,63344.0,25.369999999995343,2.78303
1727742466.007,63343.0,25.369999999995343,4.4761999999999995
1727742467.007,63338.0,25.349999999998545,5.280816
1727742468.007,63335.0,25.349999999998545,3.310136
1727742469.008,63334.0,25.349999999998545,4.747305
1727742470.007,63334.0,25.349999999998545,4.662315
1727742471.007,63335.0,25.349999999998545,1.3685450000000001
1727742472.007,63337.0,25.349999999998545,-2.779275
1727742473.009,63326.0,25.349999999998545,6.63947
1727742474.007,63321.0,25.349999999998545,6.911903
1727742475.009,63314.0,25.349999999998545,6.342089
1727742476.008,63314.0,25.349999999998545,6.504789
1727742477.007,63313.0,25.35000000000582,4.706770000000001
1727742478.008,63310.0,25.349999999998545,-2.667835
1727742479.007,63295.0,25.349999999998545,4.720586
1727742480.008,63290.0,25.330000000001746,7.0296769999999995
1727742481.008,63290.0,25.330000000001746,6.704826
1727742482.007,63290.0,25.330000000001746,4.2752360000000005
1727742483.007,63290.0,25.330000000001746,5.772805999999999
1727742484.009,63290.0,25.330000000001746,4.486756
1727742485.007,63290.0,25.330000000001746,5.039366
1727742486.007,63290.0,25.330000000001746,3.9737659999999995
1727742487.008,63298.0,25.349999999998545,-6.15038
1727742488.007,63296.0,25.349999999998545,-3.3491199999999997
1727742489.008,63296.0,25.349999999998545,-3.9524000000000004
1727742490.007,63297.0,25.349999999998545,-6.2347600000000005
1727742491.007,63297.0,25.349999999998545,-6.24463
1727742492.008,63304.0,25.349999999998545,-9.694356
1727742493.008,63308.0,25.349999999998545,-5.559191
1727742494.007,63304.0,25.35000000000582,4.41408
1727742495.007,63304.0,25.35000000000582,3.80877
1727742496.007,63304.0,25.35000000000582,3.07551
1727742497.007,63305.0,25.35000000000582,2.48299
1727742498.008,63305.0,25.35000000000582,2.48224
1727742499.008,63305.0,25.35000000000582,2.50771
1727742500.008,63305.0,25.35000000000582,3.08868
1727742501.007,63301.0,25.349999999998545,-4.615008
1727742502.007,63305.0,25.349999999998545,-4.481508
1727742503.008,63300.0,25.349999999998545,7.285071
1727742504.008,63292.0,25.330000000001746,3.3754000000000004
1727742505.008,63292.0,25.330000000001746,4.4362900000000005
1727742506.007,63285.0,25.330000000001746,6.719855
1727742507.007,63280.0,25.330000000001746,4.9585799999999995
1727742508.007,63280.0,25.330000000001746,1.9028300000000002
1727742509.007,63282.0,25.330000000001746,1.23855
1727742510.007,63281.0,25.330000000001746,3.21129
1727742511.008,63272.0,25.330000000001746,4.36897
1727742512.01,63268.0,25.330000000001746,4.01723
1727742513.007,63268.0,25.330000000001746,1.86124
1727742514.007,63268.0,25.330000000001746,2.9631800000000004
1727742515.007,63269.0,25.330000000001746,0.41617000000000015
1727742516.007,63269.0,25.330000000001746,2.1163299999999996
1727742517.007,63267.0,25.330000000001746,0.5368200000000001
1727742518.008,63270.0,25.330000000001746,-2.35678
1727742519.007,63282.0,25.330000000001746,-6.237515999999999
1727742520.008,63285.0,25.330000000001746,-5.557844
1727742521.008,63290.0,25.330000000001746,-7.636075999999999
1727742522.008,63290.0,25.330000000001746,-4.502366
1727742523.007,63289.0,25.330000000001746,2.2293140000000005
1727742524.008,63289.0,25.330000000001746,2.2222740000000005
1727742525.008,63289.0,25.330000000001746,1.9406739999999996
1727742526.009,63283.0,25.330000000001746,3.1641399999999997
1727742527.007,63283.0,25.330000000001746,1.6646800000000002
1727742528.008,63282.0,25.330000000001746,5.041178
1727742529.008,63282.0,25.330000000001746,6.890818
1727742530.008,63277.0,25.330000000001746,4.11814
1727742531.008,63274.0,25.32999999999447,5.535880000000001
1727742532.007,63274.0,25.32999999999447,5.07822
1727742533.007,63274.0,25.32999999999447,5.29731
1727742534.008,63276.0,25.32999999999447,-1.67461
1727742535.008,63277.0,25.32999999999447,-1.6308500000000001
1727742536.007,63282.0,25.330000000001746,-8.280688
1727742537.008,63288.0,25.330000000001746,-4.3004370000000005
1727742538.007,63305.0,25.349999999998545,-4.169381
1727742539.008,63307.0,25.349999999998545,-10.11864
1727742540.007,63307.0,25.349999999998545,-9.82375
1727742541.007,63304.0,25.349999999998545,-0.5071000000000001
1727742542.007,63307.0,25.349999999998545,-3.45483
1727742543.007,63317.0,25.35000000000582,-6.90854
1727742544.007,63312.0,25.349999999998545,3.378851
1727742545.007,63312.0,25.349999999998545,-0.781209
1727742546.008,63311.0,25.349999999998545,1.9266009999999998
1727742547.007,63304.0,25.349999999998545,2.3509700000000002
1727742548.008,63303.0,25.349999999998545,1.3115099999999997
1727742549.008,63302.0,25.349999999998545,6.6672899999999995
1727742550.007,63302.0,25.349999999998545,4.69063
1727742551.007,63302.0,25.349999999998545,4.46537
1727742552.007,63294.0,25.340000000003783,7.757607999999999
1727742553.008,63294.0,25.340000000003783,4.3071280000000005
1727742554.007,63291.0,25.330000000001746,4.42548
1727742555.007,63289.0,25.330000000001746,2.4354099999999996
1727742556.008,63290.0,25.330000000001746,0.40409000000000006
1727742557.008,63291.0,25.330000000001746,0.41003999999999996
1727742558.007,63291.0,25.330000000001746,-1.11998
1727742559.007,63290.0,25.330000000001746,0.2616699999999996
1727742560.009,63290.0,25.330000000001746,-0.3392599999999999
1727742561.007,63305.0,25.35000000000582,0.5007799999999998
1727742562.007,63305.0,25.35000000000582,3.19326
1727742563.007,63299.0,25.349999999998545,4.859324000000001
1727742564.007,63296.0,25.35000000000582,6.63457
1727742565.007,63296.0,25.35000000000582,6.99838
1727742566.007,63297.0,25.35000000000582,5.694279999999999
1727742567.009,63298.0,25.35000000000582,4.16871
1727742568.007,63298.0,25.35000000000582,3.6368199999999997
1727742569.007,63305.0,25.349999999998545,-0.3984099999999997
1727742570.007,63306.0,25.349999999998545,-3.8186500000000003
1727742571.007,63305.0,25.349999999998545,-0.7240700000000002
1727742572.007,63305.0,25.349999999998545,-1.54961
1727742573.008,63306.0,25.349999999998545,-3.5795299999999997
1727742574.009,63321.0,25.349999999998545,-6.7385530000000005
1727742575.007,63325.0,25.35000000000582,-0.00342
1727742576.007,63333.0,25.349999999998545,-6.404653
1727742577.008,63335.0,25.349999999998545,-2.9140529999999996
1727742578.009,63334.0,25.349999999998545,-2.909353
1727742579.008,63334.0,25.349999999998545,-4.307573
1727742580.007,63334.0,25.349999999998545,-2.3305830000000003
1727742581.007,63333.0,25.349999999998545,1.311317
1727742582.008,63352.0,25.37000000000262,-11.03209
1727742583.007,63348.0,25.37000000000262,1.89936
1727742584.008,63343.0,25.369999999995343,2.5083720000000005
1727742585.007,63343.0,25.369999999995343,2.114612
1727742586.007,63342.0,25.349999999998545,6.95362
1727742587.008,63345.0,25.369999999995343,-5.9456299999999995
1727742588.01,63347.0,25.369999999995343,-4.274469999999999
1727742589.007,63347.0,25.369999999995343,-2.9924799999999996
1727742590.007,63347.0,25.369999999995343,-0.9754000000000005
1727742591.008,63347.0,25.369999999995343,-1.16146
1727742592.007,63345.0,25.369999999995343,1.4670799999999997
1727742593.008,63346.0,25.369999999995343,1.4977500000000004
1727742594.007,63345.0,25.369999999995343,1.5950000000000002
1727742595.007,63345.0,25.369999999995343,1.6951999999999998
1727742596.007,63345.0,25.369999999995343,1.61883
1727742597.009,63345.0,25.369999999995343,1.39508
1727742598.008,63345.0,25.369999999995343,1.3550300000000002
1727742599.008,63343.0,25.37000000000262,6.7273
1727742600.008,63342.0,25.37000000000262,1.95171
1727742601.007,63338.0,25.349999999998545,-1.04155
1727742602.008,63340.0,25.349999999998545,3.23809
1727742603.007,63341.0,25.349999999998545,-3.9611799999999997
1727742604.007,63342.0,25.349999999998545,-4.602399999999999
1727742605.007,63342.0,25.349999999998545,-1.02471
1727742606.008,63347.0,25.37000000000262,-4.08886
1727742607.008,63349.0,25.37000000000262,-4.66085
1727742608.008,63357.0,25.37000000000262,-14.35237
1727742609.007,63357.0,25.37000000000262,-13.27525
1727742610.007,63357.0,25.37000000000262,-12.158579999999999
1727742611.009,63363.0,25.369999999995343,-5.13072
1727742612.007,63364.0,26.06999999999971,0.6954199999999999
1727742613.008,63363.0,25.37000000000262,7.582561
1727742614.008,63363.0,25.37000000000262,6.326761
1727742615.008,63367.0,25.37000000000262,-3.754723
1727742616.008,63367.0,25.37000000000262,-4.113943
1727742617.008,63365.0,25.37000000000262,3.536517
1727742618.01,63365.0,25.37000000000262,2.3640970000000006
1727742619.008,63370.0,25.37000000000262,-4.314343
1727742620.009,63371.0,25.37000000000262,-4.94656
1727742621.008,63369.0,25.37000000000262,-1.3228900000000001
1727742622.007,63369.0,25.37000000000262,-1.41568
1727742623.008,63360.0,25.37000000000262,0.51514
1727742624.007,63355.0,25.37000000000262,-3.1123000000000003
1727742625.007,63357.0,25.37000000000262,-8.7285
1727742626.007,63359.0,25.369999999995343,-10.87117
1727742627.007,63357.0,25.369999999995343,-4.31419
1727742628.008,63355.0,25.369999999995343,-1.56581
1727742629.007,63356.0,25.369999999995343,-2.0804500000000004
1727742630.008,63353.0,25.369999999995343,4.5958000000000006
1727742631.008,63355.0,25.369999999995343,-1.94975
1727742632.007,63356.0,25.369999999995343,-3.4447400000000004
1727742633.01,63358.0,25.369999999995343,-5.0310999999999995
1727742634.007,63359.0,25.369999999995343,-4.898359999999999
1727742635.008,63359.0,25.369999999995343,0.42994999999999983
1727742636.007,63354.0,25.369999999995343,3.5743899999999997
1727742637.007,63353.0,25.369999999995343,4.65306
1727742638.007,63341.0,25.349999999998545,-0.0339400000000003
1727742639.008,63344.0,25.349999999998545,-1.1897999999999995
1727742640.007,63346.0,25.349999999998545,-2.6162099999999997
1727742641.009,63359.0,25.37000000000262,-6.527075
1727742642.007,63359.0,25.37000000000262,-8.210675
1727742643.008,63360.0,25.37000000000262,-7.153124999999999
1727742644.007,63360.0,25.37000000000262,-7.806115
1727742645.008,63369.0,25.37000000000262,-8.02783
1727742646.007,63374.0,25.369999999995343,-9.05912
1727742647.007,63375.0,25.37000000000262,-5.016725999999999
1727742648.007,63387.0,25.37000000000262,1.1772430000000003
1727742649.007,63386.0,25.37000000000262,1.607763
1727742650.008,63370.0,25.37000000000262,3.0419300000000002
1727742651.007,63363.0,25.37000000000262,4.623375
1727742652.013,63362.0,25.369999999995343,4.426819999999999
1727742653.008,63361.0,25.37000000000262,6.098385
1727742654.007,63361.0,25.37000000000262,2.37018
1727742655.007,63337.0,25.349999999998545,2.3230980000000003
1727742656.008,63342.0,25.349999999998545,-7.24721
1727742657.008,63333.0,25.349999999998545,4.42119
1727742658.008,63334.0,25.349999999998545,2.32546
1727742659.007,63335.0,25.349999999998545,2.79748
1727742660.008,63339.0,25.349999999998545,-5.28786
1727742661.007,63343.0,25.349999999998545,-4.192264
1727742662.007,63339.0,25.35000000000582,1.3479100000000002
1727742663.008,63349.0,25.37000000000262,-2.734343
1727742664.008,63357.0,25.37000000000262,-5.014023
1727742665.008,63360.0,25.37000000000262,-5.687754999999999
1727742666.007,63362.0,25.37000000000262,-2.7403950000000004
1727742667.007,63362.0,25.37000000000262,-0.6239860000000004
1727742668.007,63359.0,25.37000000000262,-0.00019600000000030704
1727742669.007,63359.0,25.37000000000262,3.1271639999999996
1727742670.009,63356.0,25.37000000000262,3.533042
1727742671.007,63351.0,25.37000000000262,2.1874289999999994
1727742672.007,63349.0,25.37000000000262,3.143179
1727742673.008,63349.0,25.37000000000262,0.5612789999999999
1727742674.007,63354.0,25.37000000000262,-0.038534999999999986
1727742675.011,63351.0,25.37000000000262,3.345941
1727742676.009,63350.0,25.37000000000262,5.0081299999999995
1727742677.008,63350.0,25.37000000000262,3.2489399999999997
1727742678.008,63350.0,25.37000000000262,3.01557
1727742679.007,63358.0,25.37000000000262,-7.876832
1727742680.007,63361.0,25.37000000000262,-1.1376469999999994
1727742681.007,63357.0,25.369999999995343,5.22794
1727742682.007,63357.0,25.369999999995343,5.69482
1727742683.008,63366.0,25.37000000000262,-7.38748
1727742684.007,63367.0,25.37000000000262,-10.09178
1727742685.008,63367.0,25.37000000000262,-9.69078
1727742686.007,63367.0,25.37000000000262,-7.574190000000001
1727742687.008,63369.0,25.37000000000262,-9.953349999999999
1727742688.011,63372.0,25.369999999995343,-9.845949999999998
1727742689.009,63375.0,25.37000000000262,-4.4745550000000005
1727742690.007,63376.0,25.37000000000262,-5.130815
1727742691.008,63376.0,25.37000000000262,-4.455595
1727742692.008,63383.0,25.37000000000262,-5.23418
1727742693.007,63383.0,25.37000000000262,-6.14703
1727742694.008,63389.0,25.37000000000262,-8.344491999999999
1727742695.007,63389.0,25.37000000000262,-5.298742
1727742696.009,63397.0,25.389999999999418,-4.820342999999999
1727742697.008,63401.0,25.389999999999418,-7.444173
1727742698.007,63401.0,25.389999999999418,-7.446743
1727742699.007,63402.0,25.389999999999418,-8.310433
1727742700.007,63407.0,25.389999999999418,-6.815275000000001
1727742701.009,63404.0,25.389999999999418,2.9326399999999997
1727742702.011,63403.0,25.389999999999418,4.23958
1727742703.008,63398.0,25.389999999999418,0.6248610000000001
1727742704.008,63398.0,25.389999999999418,0.3695710000000001
1727742705.008,63406.0,25.389999999999418,-8.13421
1727742706.007,63409.0,25.389999999999418,-1.28734
1727742707.008,63409.0,25.389999999999418,-2.4267399999999997
1727742708.007,63409.0,25.389999999999418,-2.18088
1727742709.007,63416.0,25.389999999999418,-7.563311000000001
1727742710.008,63422.0,25.389999999999418,-5.00203
1727742711.007,63424.0,25.389999999999418,-7.37439
1727742712.009,63424.0,25.389999999999418,-8.30383
1727742713.009,63424.0,25.389999999999418,-9.678249999999998
1727742714.008,63418.0,25.389999999999418,0.80375
1727742715.008,63417.0,25.389999999999418,3.5987599999999995
1727742716.007,63408.0,25.389999999999418,5.460850000000001
1727742717.008,63405.0,25.389999999999418,0.83487
1727742718.008,63397.0,25.389999999999418,2.9752299999999994
1727742719.008,63395.0,25.389999999999418,5.1469000000000005
1727742720.01,63383.0,25.37000000000262,4.83232
1727742721.008,63380.0,25.37000000000262,-8.216159999999999
1727742722.007,63373.0,25.369999999995343,2.00036
1727742723.008,63374.0,25.369999999995343,2.0649800000000003
1727742724.008,63375.0,25.369999999995343,0.1812999999999998
1727742725.007,63379.0,25.37000000000262,-7.81379
1727742726.011,63380.0,25.37000000000262,-8.436318
1727742727.007,63381.0,25.37000000000262,-0.470059
1727742728.007,63379.0,25.37000000000262,1.8704490000000003
1727742729.008,63374.0,25.37000000000262,0.6204400000000003
1727742730.008,63375.0,25.37000000000262,0.5566800000000001
1727742731.012,63375.0,25.37000000000262,0.88287
1727742732.007,63375.0,25.37000000000262,-0.3880490000000001
1727742733.007,63381.0,25.37000000000262,-4.65573
1727742734.007,63381.0,25.37000000000262,-3.58671
1727742735.009,63381.0,25.37000000000262,-7.277950000000001
1727742736.007,63381.0,25.37000000000262,-6.23111
1727742737.009,63383.0,25.37000000000262,-7.52984
1727742738.007,63387.0,25.369999999995343,-2.8905699999999994
1727742739.007,63385.0,25.369999999995343,1.1563500000000002
1727742740.008,63382.0,25.37000000000262,1.9726800000000002
1727742741.007,63385.0,25.37000000000262,-4.26143
1727742742.007,63385.0,25.37000000000262,-4.31772
1727742743.007,63386.0,25.37000000000262,-7.6235990000000005
1727742744.006,63398.0,25.37000000000262,-7.641868
1727742745.007,63396.0,25.37000000000262,-5.466276
1727742746.009,63394.0,25.37000000000262,0.5166500000000003
1727742747.007,63393.0,25.37000000000262,0.5840370000000004
1727742748.007,63393.0,25.37000000000262,0.9763769999999998
1727742749.007,63393.0,25.37000000000262,0.9779270000000002
1727742750.007,63394.0,25.37000000000262,-0.33644300000000005
1727742751.008,63394.0,25.37000000000262,0.2824169999999997
1727742752.007,63389.0,25.369999999995343,3.5046399999999998
1727742753.008,63381.0,25.37000000000262,4.092481
1727742754.007,63378.0,25.37000000000262,3.86285
1727742755.007,63373.0,25.37000000000262,7.874237
1727742756.008,63362.0,25.37000000000262,5.298655999999999
1727742757.007,63353.0,25.369999999995343,5.6807430000000005
1727742758.007,63351.0,25.37000000000262,7.075751
1727742759.008,63342.0,25.349999999998545,3.7428660000000002
1727742760.007,63342.0,25.349999999998545,2.4418059999999997
1727742761.008,63349.0,25.37000000000262,2.2017499999999997
1727742762.008,63341.0,25.349999999998545,6.42519
1727742763.008,63338.0,25.349999999998545,8.075041
1727742764.007,63339.0,25.349999999998545,3.940871
1727742765.007,63343.0,25.349999999998545,-5.377966
1727742766.007,63344.0,25.349999999998545,-7.632829999999999
1727742767.007,63344.0,25.349999999998545,-4.1067
1727742768.007,63343.0,25.349999999998545,-4.0169
1727742769.01,63346.0,25.349999999998545,-8.285371
1727742770.008,63350.0,25.369999999995343,-6.56368
1727742771.009,63351.0,25.37000000000262,-5.827897
1727742772.009,63351.0,25.37000000000262,-3.621137
1727742773.007,63351.0,25.37000000000262,-1.3783539999999999
1727742774.007,63351.0,25.37000000000262,-2.878244
1727742775.008,63351.0,25.37000000000262,-3.4686090000000003
1727742776.007,63359.0,25.37000000000262,-3.7210609999999997
1727742777.007,63359.0,25.37000000000262,-4.0633420000000005
1727742778.008,63357.0,25.37000000000262,-0.6600319999999997
1727742779.008,63351.0,25.37000000000262,2.726351
1727742780.009,63349.0,25.37000000000262,3.6648110000000003
1727742781.007,63351.0,25.37000000000262,-0.4133089999999999
1727742782.007,63359.0,25.37000000000262,-3.093602
1727742783.011,63364.0,25.37000000000262,-8.56353
1727742784.008,63366.0,25.37000000000262,-8.69923
1727742785.007,63366.0,25.37000000000262,-8.187339999999999
1727742786.01,63364.0,25.37000000000262,-6.788679999999999
1727742787.007,63366.0,25.37000000000262,-9.065133
1727742788.007,63368.0,25.37000000000262,-7.61637
1727742789.008,63364.0,25.37000000000262,6.1527199999999995
1727742790.009,63345.0,25.349999999998545,3.125275
1727742791.008,63337.0,25.349999999998545,5.501579
1727742792.007,63337.0,25.35000000000582,5.61485
1727742793.007,63337.0,25.35000000000582,6.29388
1727742794.008,63337.0,25.349999999998545,8.113420999999999
1727742795.008,63337.0,25.349999999998545,3.3336310000000005
1727742796.007,63337.0,25.349999999998545,4.112151
1727742797.007,63337.0,25.349999999998545,2.8725009999999997
1727742798.007,63339.0,25.349999999998545,-0.01415899999999981
1727742799.008,63339.0,25.349999999998545,-2.806309
1727742800.007,63337.0,25.349999999998545,2.778441
1727742801.008,63337.0,25.349999999998545,1.1680229999999998
1727742802.009,63326.0,25.349999999998545,5.484795
1727742803.008,63321.0,25.349999999998545,6.37195
1727742804.008,63322.0,25.349999999998545,5.33665
1727742805.007,63333.0,25.35000000000582,-2.3613900000000005
1727742806.008,63333.0,25.349999999998545,-4.749201
1727742807.007,63333.0,25.349999999998545,-7.097601
1727742808.007,63333.0,25.349999999998545,-7.018541000000001
1727742809.007,63326.0,25.35000000000582,2.63815
1727742810.007,63324.0,25.35000000000582,2.9796499999999995
1727742811.008,63326.0,25.35000000000582,-1.2125299999999999
1727742812.008,63328.0,25.35000000000582,-2.3895800000000005
1727742813.007,63331.0,25.35000000000582,-7.489310000000001
1727742814.009,63337.0,25.349999999998545,-0.8854989999999998
1727742815.007,63337.0,25.349999999998545,-1.254264
1727742816.008,63338.0,25.349999999998545,-3.33854
1727742817.007,63346.0,25.369999999995343,-2.4916099999999997
1727742818.007,63340.0,25.349999999998545,1.8817300000000001
1727742819.008,63337.0,25.35000000000582,2.12183
1727742820.007,63338.0,25.35000000000582,-2.08599
1727742821.007,63337.0,25.35000000000582,-1.32666
1727742822.007,63337.0,25.35000000000582,-1.93498
1727742823.008,63333.0,25.35000000000582,3.39289
1727742824.007,63328.0,25.349999999998545,8.415817
1727742825.009,63324.0,25.35000000000582,6.13786
1727742826.008,63318.0,25.349999999998545,7.015658999999999
1727742827.007,63319.0,25.349999999998545,-2.7359109999999998
1727742828.007,63319.0,25.349999999998545,-3.361891
1727742829.007,63322.0,25.35000000000582,-4.69799
1727742830.008,63322.0,25.349999999998545,-5.208169999999999
1727742831.007,63321.0,25.349999999998545,-4.6692599999999995
1727742832.008,63320.0,25.349999999998545,-1.5280200000000002
1727742833.009,63316.0,25.349999999998545,3.5309000000000004
1727742834.008,63316.0,25.349999999998545,3.67804
1727742835.007,63317.0,25.349999999998545,1.7057299999999995
1727742836.008,63317.0,25.349999999998545,0.8572900000000003
1727742837.01,63309.0,25.349999999998545,5.608771
1727742838.007,63304.0,25.349999999998545,6.28449
1727742839.007,63297.0,25.340000000003783,2.60622
1727742840.007,63290.0,25.330000000001746,6.22717
1727742841.007,63282.0,25.330000000001746,3.7422739999999997
1727742842.009,63277.0,25.330000000001746,3.0211200000000002
1727742843.008,63266.0,25.330000000001746,6.2323200000000005
1727742844.008,63262.0,25.330000000001746,0.77923
1727742845.007,63267.0,25.330000000001746,-7.92415
1727742846.008,63276.0,25.330000000001746,-1.7904099999999996
1727742847.007,63274.0,25.330000000001746,6.12725
1727742848.008,63260.0,25.330000000001746,1.9144430000000001
1727742849.008,63259.0,25.330000000001746,0.35578600000000016
1727742850.007,63259.0,25.330000000001746,0.32733600000000007
1727742851.008,63259.0,25.330000000001746,0.48244599999999993
1727742852.008,63259.0,25.330000000001746,-0.09480400000000033
1727742853.008,63264.0,25.330000000001746,-5.153519999999999
1727742854.007,63263.0,25.330000000001746,-5.06087
1727742855.007,63264.0,25.330000000001746,-3.47937
1727742856.008,63262.0,25.330000000001746,-1.7096099999999996
1727742857.008,63262.0,25.330000000001746,-0.3951600000000002
1727742858.007,63269.0,25.330000000001746,-9.834972
1727742859.007,63270.0,25.330000000001746,-10.16395
1727742860.008,63275.0,25.330000000001746,-8.456010000000001
1727742861.007,63283.0,25.330000000001746,-1.4975519999999998
1727742862.007,63281.0,25.330000000001746,-0.9970820000000002
1727742863.008,63281.0,25.330000000001746,-1.0030320000000001
1727742864.007,63281.0,25.330000000001746,-1.0045919999999997
1727742865.007,63278.0,25.330000000001746,2.633273
1727742866.008,63278.0,25.330000000001746,3.062143
1727742867.007,63271.0,25.330000000001746,4.89916
1727742868.007,63269.0,25.330000000001746,5.63851
1727742869.007,63266.0,25.330000000001746,1.68466
1727742870.007,63270.0,25.330000000001746,-4.102021000000001
1727742871.008,63275.0,25.330000000001746,-4.827911
1727742872.008,63275.0,25.330000000001746,-6.3337710000000005
1727742873.007,63278.0,25.330000000001746,-6.594050999999999
1727742874.008,63278.0,25.32999999999447,-10.00418
1727742875.007,63286.0,25.330000000001746,-7.44719
1727742876.008,63292.0,25.32999999999447,-6.72207
1727742877.007,63292.0,25.32999999999447,-6.76202
1727742878.008,63292.0,25.32999999999447,-7.29326
1727742879.007,63292.0,25.32999999999447,-7.19674
1727742880.007,63292.0,25.32999999999447,-4.55389
1727742881.008,63282.0,25.330000000001746,7.937702000000001
1727742882.007,63277.0,25.330000000001746,6.4982489999999995
1727742883.008,63277.0,25.330000000001746,7.182995
1727742884.008,63276.0,25.330000000001746,7.933798
1727742885.008,63277.0,25.330000000001746,7.238969
1727742886.008,63277.0,25.330000000001746,6.705667999999999
1727742887.007,63278.0,25.330000000001746,1.8146849999999999
1727742888.007,63275.0,25.330000000001746,4.148269999999999
1727742889.007,63264.0,25.330000000001746,4.2722039999999994
1727742890.007,63259.0,25.330000000001746,6.402312
1727742891.008,63258.0,25.330000000001746,7.229622
1727742892.007,63259.0,25.330000000001746,6.568421
1727742893.007,63254.0,25.330000000001746,8.679459
1727742894.008,63250.0,25.32999999999447,3.5088769999999996
1727742895.008,63253.0,25.32999999999447,-2.3615380000000004
1727742896.008,63254.0,25.32999999999447,-3.236815
1727742897.007,63254.0,25.32999999999447,-4.998603
1727742898.008,63263.0,25.330000000001746,-6.298093
1727742899.007,63263.0,25.330000000001746,-5.795833
1727742900.007,63264.0,25.330000000001746,-7.894743999999999
1727742901.008,63265.0,25.330000000001746,-6.720154
1727742902.008,63270.0,25.330000000001746,-9.376602
1727742903.007,63276.0,25.330000000001746,-6.083496
1727742904.007,63274.0,25.330000000001746,-0.05179
1727742905.008,63274.0,25.330000000001746,1.275115
1727742906.007,63266.0,25.330000000001746,2.3429729999999998
1727742907.008,63266.0,25.330000000001746,2.7711560000000004
1727742908.007,63266.0,25.330000000001746,0.1598360000000003
1727742909.008,63264.0,25.330000000001746,2.432423
1727742910.008,63266.0,25.330000000001746,-0.4094730000000002
1727742911.007,63266.0,25.330000000001746,-2.701161
1727742912.007,63273.0,25.330000000001746,-2.4497619999999998
1727742913.007,63275.0,25.330000000001746,-9.665705
1727742914.008,63272.0,25.330000000001746,-0.43055099999999946
1727742915.007,63283.0,25.330000000001746,-9.844451000000001
1727742916.01,63279.0,25.330000000001746,0.36262899999999965
1727742917.008,63272.0,25.330000000001746,3.438859
1727742918.007,63273.0,25.330000000001746,1.358265
1727742919.007,63273.0,25.330000000001746,-0.04021100000000022
1727742920.007,63273.0,25.330000000001746,0.5902620000000001
1727742921.008,63269.0,25.330000000001746,0.34465299999999965
1727742922.008,63269.0,25.330000000001746,0.848932
1727742923.008,63271.0,25.330000000001746,-2.5017199999999997
1727742924.007,63269.0,25.330000000001746,0.6582560000000002
1727742925.008,63268.0,25.330000000001746,1.0253510000000001
1727742926.007,63263.0,25.330000000001746,7.338545
1727742927.007,63257.0,25.330000000001746,2.159028
1727742928.009,63254.0,25.330000000001746,1.2495100000000003
1727742929.008,63254.0,25.330000000001746,4.0248099999999996
1727742930.007,63250.0,25.330000000001746,1.634872
1727742931.007,63252.0,25.330000000001746,-3.2662789999999995
1727742932.007,63259.0,25.330000000001746,-1.8020359999999997
1727742933.007,63265.0,25.32999999999447,-0.388447
1727742934.008,63269.0,25.330000000001746,-6.223004
1727742935.008,63269.0,25.330000000001746,-6.142269
1727742936.008,63270.0,25.330000000001746,-6.131925000000001
1727742937.008,63270.0,25.330000000001746,-4.787102
1727742938.007,63271.0,25.330000000001746,-4.500189
1727742939.008,63275.0,25.540000000000873,-4.121716
1727742940.008,63278.0,25.330000000001746,2.186854
1727742941.009,63278.0,25.330000000001746,1.2754440000000002
1727742942.007,63281.0,25.330000000001746,-4.796839
1727742943.008,63287.0,25.330000000001746,-6.620612
1727742944.007,63287.0,25.330000000001746,-7.028929
1727742945.007,63288.0,25.330000000001746,-7.3879079999999995
1727742946.007,63288.0,25.330000000001746,-6.827274999999999
1727742947.008,63288.0,25.330000000001746,-7.069796999999999
1727742948.008,63288.0,25.330000000001746,-9.468042
1727742949.007,63288.0,25.330000000001746,-7.096099
1727742950.008,63288.0,25.330000000001746,-6.549458
1727742951.008,63284.0,25.330000000001746,2.427702
1727742952.009,63286.0,25.330000000001746,-2.52937
1727742953.007,63291.0,25.330000000001746,-4.017837999999999
1727742954.008,63292.0,25.330000000001746,-4.615607000000001
1727742955.007,63292.0,25.330000000001746,-3.5772130000000004
1727742956.008,63290.0,25.330000000001746,-2.65729
1727742957.008,63290.0,25.330000000001746,-3.029138
1727742958.007,63290.0,25.330000000001746,-3.0352870000000003
1727742959.008,63291.0,25.330000000001746,-4.729918
1727742960.007,63292.0,25.330000000001746,-2.496921
1727742961.007,63292.0,25.330000000001746,-2.9267730000000003
1727742962.008,63292.0,25.330000000001746,-1.6429459999999998
1727742963.009,63291.0,25.330000000001746,1.6363899999999998
1727742964.009,63286.0,25.330000000001746,3.4174999999999995
1727742965.007,63290.0,25.330000000001746,-4.4450579999999995
1727742966.008,63295.0,25.330000000001746,-9.507284
1727742967.008,63296.0,25.330000000001746,-10.820249
1727742968.007,63293.0,25.330000000001746,3.747164
1727742969.008,63293.0,25.330000000001746,5.194748000000001
1727742970.007,63293.0,25.330000000001746,4.826691
1727742971.008,63284.0,25.330000000001746,1.0682489999999998
1727742972.007,63288.0,25.330000000001746,-3.984337
1727742973.007,63287.0,25.330000000001746,1.5940930000000002
1727742974.008,63280.0,25.330000000001746,5.523372999999999
1727742975.007,63277.0,25.330000000001746,1.2204509999999997
1727742976.008,63278.0,25.330000000001746,-1.526511
1727742977.007,63285.0,25.330000000001746,-7.724768999999999
1727742978.007,63282.0,25.330000000001746,3.5476660000000004
1727742979.009,63272.0,25.330000000001746,0.487295
1727742980.008,63269.0,25.330000000001746,3.228841
1727742981.007,63269.0,25.330000000001746,3.959874
1727742982.007,63269.0,25.330000000001746,1.2496939999999994
1727742983.008,63270.0,25.330000000001746,1.5177619999999998
1727742984.008,63270.0,25.330000000001746,2.0079569999999998
1727742985.008,63269.0,25.330000000001746,5.739905
1727742986.008,63269.0,25.330000000001746,5.975896
1727742987.008,63269.0,25.330000000001746,2.5534250000000003
1727742988.008,63277.0,25.330000000001746,-1.5461110000000002
1727742989.008,63282.0,25.330000000001746,-6.0746
1727742990.007,63282.0,25.330000000001746,-5.623279
1727742991.008,63282.0,25.330000000001746,-10.368797
1727742992.007,63286.0,25.330000000001746,-9.890533
1727742993.008,63289.0,25.330000000001746,-2.452837
1727742994.007,63290.0,25.330000000001746,-3.0854410000000003
1727742995.007,63285.0,25.330000000001746,3.6782190000000003
1727742996.007,63280.0,25.330000000001746,0.9660839999999999
1727742997.008,63278.0,25.330000000001746,6.63748
1727742998.007,63278.0,25.330000000001746,5.371341999999999
1727742999.009,63278.0,25.330000000001746,4.788733000000001
1727743000.008,63278.0,25.330000000001746,0.03244299999999978
1727743001.008,63286.0,25.330000000001746,-3.9870159999999997
1727743002.007,63286.0,25.330000000001746,-1.297348
1727743003.008,63286.0,25.330000000001746,-4.473611
1727743004.006,63289.0,25.330000000001746,-6.038562000000001
1727743005.007,63294.0,25.330000000001746,-6.081979
1727743006.007,63294.0,25.330000000001746,-7.718870999999999
1727743007.007,63315.0,25.349999999998545,-6.757051000000001
1727743008.007,63317.0,25.349999999998545,-3.4577069999999996
1727743009.007,63331.0,25.360000000000582,-5.623968
1727743010.007,63350.0,25.369999999995343,4.1212919999999995
1727743011.008,63342.0,25.349999999998545,7.102453
1727743012.007,63353.0,25.37000000000262,1.3426140000000002
1727743013.008,63349.0,25.37000000000262,3.397274
1727743014.007,63347.0,25.369999999995343,3.287454
1727743015.007,63347.0,25.369999999995343,4.801513
1727743016.007,63341.0,25.349999999998545,1.048832
1727743017.007,63343.0,25.349999999998545,-1.84686
1727743018.008,63343.0,25.349999999998545,-0.000992000000000104
1727743019.007,63348.0,25.37000000000262,-8.798703999999999
1727743020.008,63348.0,25.37000000000262,-6.115647000000001
1727743021.007,63344.0,25.349999999998545,5.33789
1727743022.009,63337.0,25.35000000000582,3.2078460000000004
1727743023.009,63336.0,25.349999999998545,6.35451
1727743024.007,63336.0,25.349999999998545,5.127585999999999
1727743025.007,63336.0,25.349999999998545,5.5993319999999995
1727743026.007,63332.0,25.349999999998545,-4.5622370000000005
1727743027.008,63335.0,25.349999999998545,-6.3797809999999995
1727743028.007,63337.0,25.349999999998545,-5.350130999999999
1727743029.007,63325.0,25.349999999998545,7.905662
1727743030.007,63321.0,25.349999999998545,1.771518
1727743031.009,63321.0,25.349999999998545,3.213992
1727743032.007,63321.0,25.349999999998545,1.026186
1727743033.007,63321.0,25.349999999998545,3.2237599999999995
1727743034.008,63321.0,25.349999999998545,2.5719730000000003
1727743035.009,63331.0,25.35000000000582,-6.384664
1727743036.007,63330.0,25.35000000000582,-3.393831
1727743037.007,63330.0,25.35000000000582,-3.7783379999999998
1727743038.007,63328.0,25.35000000000582,-1.1576050000000002
1727743039.007,63322.0,25.349999999998545,2.649431
1727743040.007,63321.0,25.349999999998545,3.8253340000000002
1727743041.008,63320.0,25.349999999998545,3.834723
1727743042.007,63321.0,25.349999999998545,2.5523450000000003
1727743043.008,63331.0,25.349999999998545,-10.389382999999999
1727743044.007,63329.0,25.349999999998545,-5.916341
1727743045.008,63326.0,25.349999999998545,3.475691
1727743046.008,63322.0,25.349999999998545,4.2314929999999995
1727743047.008,63321.0,25.349999999998545,4.515655
1727743048.007,63316.0,25.349999999998545,0.46452099999999996
1727743049.007,63316.0,25.349999999998545,-1.0900470000000002
1727743050.008,63316.0,25.349999999998545,-4.877175
1727743051.008,63320.0,25.35000000000582,-6.990858
1727743052.007,63320.0,25.35000000000582,-5.303907000000001
1727743053.008,63320.0,25.349999999998545,-9.620468
1727743054.008,63325.0,25.349999999998545,-9.206876
1727743055.007,63329.0,25.349999999998545,-5.489934
1727743056.008,63327.0,25.349999999998545,-2.5074129999999997
1727743057.008,63327.0,25.349999999998545,-2.4088420000000004
1727743058.009,63321.0,25.35000000000582,3.295989
1727743059.007,63320.0,25.35000000000582,0.5678000000000001
1727743060.008,63324.0,25.35000000000582,-4.141999
1727743061.007,63330.0,25.349999999998545,-8.473728
1727743062.008,63338.0,25.349999999998545,-11.593799
1727743063.007,63344.0,25.349999999998545,-4.8369599999999995
1727743064.008,63346.0,25.349999999998545,-7.488927
1727743065.007,63346.0,25.349999999998545,-8.256066
1727743066.007,63346.0,25.349999999998545,-7.531135
1727743067.008,63349.0,25.37000000000262,-11.183663000000001
1727743068.007,63350.0,25.37000000000262,-11.788985
1727743069.007,63352.0,25.37000000000262,-5.6777180000000005
1727743070.007,63352.0,25.37000000000262,-2.474038
1727743071.007,63350.0,25.369999999995343,3.5460199999999995
1727743072.008,63350.0,25.37000000000262,3.66604
1727743073.007,63350.0,25.37000000000262,3.19096
1727743074.007,63350.0,25.37000000000262,3.7410599999999996
1727743075.007,63345.0,25.369999999995343,4.71884
1727743076.007,63345.0,25.369999999995343,4.92329
1727743077.007,63345.0,25.369999999995343,5.37783
1727743078.008,63345.0,25.369999999995343,3.87343
1727743079.007,63345.0,25.369999999995343,2.91425
1727743080.007,63345.0,25.369999999995343,2.7234800000000003
1727743081.008,63344.0,25.37000000000262,6.284711
1727743082.007,63331.0,25.35000000000582,1.4929099999999997
1727743083.008,63331.0,25.35000000000582,3.4137700000000004
1727743084.008,63327.0,25.35000000000582,2.6042
1727743085.007,63326.0,25.35000000000582,2.24117
1727743086.008,63325.0,25.349999999998545,7.275932999999999
1727743087.008,63317.0,25.349999999998545,6.950365000000001
1727743088.009,63319.0,25.349999999998545,-1.2455150000000001
1727743089.008,63325.0,25.349999999998545,-9.800374
1727743090.007,63328.0,25.35000000000582,-2.6917400000000002
1727743091.009,63330.0,25.35000000000582,2.31726
1727743092.008,63327.0,25.35000000000582,0.9176099999999998
1727743093.008,63337.0,25.349999999998545,-5.149139999999999
1727743094.007,63338.0,25.349999999998545,-2.3279
1727743095.007,63338.0,25.349999999998545,-4.24682
1727743096.007,63339.0,25.349999999998545,-1.11958
1727743097.007,63339.0,25.349999999998545,-1.8677900000000003
1727743098.008,63339.0,25.349999999998545,-3.50629
1727743099.007,63339.0,25.349999999998545,-3.21009
1727743100.007,63339.0,25.349999999998545,-2.35572
1727743101.007,63339.0,25.349999999998545,-2.27121
1727743102.007,63339.0,25.349999999998545,-3.2313800000000006
1727743103.011,63332.0,25.349999999998545,5.22053
1727743104.007,63332.0,25.349999999998545,-2.7790700000000004
1727743105.008,63336.0,25.349999999998545,-10.108312
1727743106.007,63336.0,25.349999999998545,-10.044932
1727743107.01,63341.0,25.35000000000582,-6.6985600000000005
1727743108.008,63341.0,25.35000000000582,2.6229
1727743109.009,63334.0,25.349999999998545,2.7878559999999997
1727743110.008,63336.0,25.349999999998545,-1.075044
1727743111.007,63336.0,25.349999999998545,-1.312224
1727743112.007,63333.0,25.349999999998545,6.3674599999999995
1727743113.007,63328.0,25.349999999998545,7.225628
1727743114.007,63326.0,25.349999999998545,8.107228000000001
1727743115.008,63312.0,25.349999999998545,6.131323
1727743116.008,63312.0,25.349999999998545,4.039333
1727743117.007,63313.0,25.349999999998545,3.118763
1727743118.007,63317.0,25.349999999998545,-6.4755259999999994
1727743119.008,63318.0,25.349999999998545,-6.38439
1727743120.008,63320.0,25.349999999998545,-1.3404829999999999
1727743121.008,63317.0,25.349999999998545,2.2857499999999997
1727743122.008,63317.0,25.349999999998545,3.86533
1727743123.007,63317.0,25.349999999998545,3.6866499999999998
1727743124.007,63317.0,25.349999999998545,4.25103
1727743125.007,63317.0,25.349999999998545,4.31945
1727743126.007,63317.0,25.349999999998545,3.75173
1727743127.008,63313.0,25.349999999998545,6.612394
1727743128.008,63313.0,25.349999999998545,3.790114
1727743129.007,63316.0,25.35000000000582,-1.62629
1727743130.008,63320.0,25.349999999998545,-6.82011
1727743131.007,63319.0,25.349999999998545,-4.32458
1727743132.009,63319.0,25.349999999998545,-5.4942
1727743133.007,63319.0,25.349999999998545,-6.82738
1727743134.007,63322.0,25.349999999998545,-10.43549
1727743135.008,63321.0,25.349999999998545,-10.678270000000001
1727743136.007,63329.0,25.349999999998545,-12.440521
1727743137.008,63329.0,25.349999999998545,-10.650831
1727743138.007,63325.0,25.349999999998545,-0.30001000000000033
1727743139.007,63321.0,25.35000000000582,1.96795
1727743140.007,63320.0,25.35000000000582,3.42892
1727743141.007,63320.0,25.35000000000582,1.9535999999999998
1727743142.009,63312.0,25.35000000000582,5.205830000000001
1727743143.01,63311.0,25.349999999998545,8.340277
1727743144.007,63316.0,25.35000000000582,-16.01144
1727743145.007,63322.0,25.349999999998545,-4.161449
1727743146.007,63322.0,25.349999999998545,-4.2682590000000005
1727743147.007,63322.0,25.349999999998545,-4.302298
1727743148.007,63320.0,25.349999999998545,-0.607399
1727743149.007,63320.0,25.349999999998545,-1.6353590000000002
1727743150.007,63320.0,25.349999999998545,-1.6177189999999997
1727743151.008,63320.0,25.349999999998545,-0.41057699999999997
1727743152.008,63321.0,25.349999999998545,-1.6986189999999999
1727743153.007,63321.0,25.349999999998545,-2.7448099999999993
1727743154.007,63322.0,25.349999999998545,1.9896600000000002
1727743155.007,63322.0,25.349999999998545,-4.34258
1727743156.007,63322.0,25.349999999998545,-3.170898
1727743157.007,63323.0,25.349999999998545,-1.6822320000000004
1727743158.007,63321.0,25.349999999998545,1.4407079999999999
1727743159.008,63313.0,25.349999999998545,4.68813
1727743160.007,63306.0,25.349999999998545,8.016376999999999
1727743161.008,63302.0,25.349999999998545,1.6193700000000002
1727743162.007,63299.0,25.349999999998545,3.7131
1727743163.007,63298.0,25.349999999998545,2.7375249999999998
1727743164.008,63299.0,25.349999999998545,0.0719350000000003
1727743165.007,63299.0,25.349999999998545,1.031285
1727743166.008,63299.0,25.349999999998545,0.6557949999999999
1727743167.007,63299.0,25.349999999998545,0.9447449999999997
1727743168.008,63299.0,25.349999999998545,0.9619249999999999
1727743169.008,63299.0,25.349999999998545,0.7984650000000002
1727743170.008,63301.0,25.349999999998545,-3.007505
1727743171.007,63299.0,25.349999999998545,3.7625650000000004
1727743172.008,63293.0,25.340000000003783,7.490810999999999
1727743173.007,63293.0,25.340000000003783,7.444571
1727743174.007,63293.0,25.340000000003783,6.928511
1727743175.008,63293.0,25.340000000003783,6.942901
1727743176.008,63293.0,25.340000000003783,6.810351000000001
1727743177.008,63291.0,25.330000000001746,8.61627
1727743178.008,63285.0,25.330000000001746,3.450828
1727743179.007,63285.0,25.330000000001746,5.990718
1727743180.008,63287.0,25.32999999999447,-5.6452
1727743181.007,63288.0,25.32999999999447,-6.57588
1727743182.007,63296.0,25.330000000001746,-11.09641
1727743183.009,63296.0,25.330000000001746,-12.43633
1727743184.007,63296.0,25.330000000001746,-12.47068
1727743185.007,63300.0,25.349999999998545,-4.093331
1727743186.008,63308.0,25.349999999998545,-6.57612
1727743187.007,63306.0,25.349999999998545,-2.27974
1727743188.007,63303.0,25.349999999998545,2.4256
1727743189.007,63302.0,25.349999999998545,6.4721210000000005
1727743190.008,63300.0,25.349999999998545,5.755821
1727743191.008,63300.0,25.349999999998545,4.384771
1727743192.007,63300.0,25.349999999998545,4.363041000000001
1727743193.008,63300.0,25.349999999998545,4.222180999999999
1727743194.007,63300.0,25.349999999998545,4.232041000000001
1727743195.007,63309.0,25.349999999998545,-8.218394
1727743196.008,63306.0,25.349999999998545,-0.724621
1727743197.01,63306.0,25.349999999998545,0.868163
1727743198.007,63306.0,25.349999999998545,1.419353
1727743199.008,63299.0,25.349999999998545,7.2635700000000005
1727743200.008,63297.0,25.349999999998545,3.9313640000000003
1727743201.007,63301.0,25.349999999998545,-5.476883
1727743202.007,63300.0,25.349999999998545,-5.497183
1727743203.007,63301.0,25.35000000000582,-9.225810000000001
1727743204.008,63301.0,25.35000000000582,-6.67497
1727743205.008,63313.0,25.349999999998545,-5.295642
1727743206.008,63317.0,25.349999999998545,-8.80287
1727743207.007,63317.0,25.349999999998545,-7.5066
1727743208.007,63317.0,25.349999999998545,-8.443760000000001
1727743209.007,63318.0,25.35000000000582,-11.52515
1727743210.009,63325.0,25.349999999998545,-9.004742
1727743211.008,63330.0,25.35000000000582,-5.6763699999999995
1727743212.007,63327.0,25.35000000000582,-0.2954500000000002
1727743213.008,63324.0,25.349999999998545,1.7728199999999998
1727743214.007,63323.0,25.349999999998545,0.7524299999999999
1727743215.009,63324.0,25.349999999998545,-0.9816199999999999
1727743216.007,63324.0,25.349999999998545,-1.9579399999999998
1727743217.008,63333.0,25.349999999998545,-21.911165999999998
1727743218.008,63333.0,25.349999999998545,-10.421714999999999
1727743219.007,63334.0,25.349999999998545,-11.459950000000001
1727743220.007,63334.0,25.349999999998545,-9.80248
1727743221.009,63341.0,25.349999999998545,-8.544469999999999
1727743222.008,63344.0,25.349999999998545,-13.290149
1727743223.008,63346.0,25.349999999998545,-8.100299999999999
1727743224.007,63339.0,25.349999999998545,5.63372
1727743225.008,63337.0,25.349999999998545,3.6527899999999995
1727743226.007,63337.0,25.349999999998545,-2.3418
1727743227.007,63339.0,25.349999999998545,-6.09382
1727743228.007,63340.0,25.349999999998545,-6.937299
1727743229.008,63341.0,25.349999999998545,-7.57974
1727743230.007,63341.0,25.349999999998545,-6.56197
1727743231.007,63339.0,25.349999999998545,2.9050700000000003
1727743232.007,63339.0,25.349999999998545,2.84217
1727743233.008,63339.0,25.349999999998545,-0.9337600000000001
1727743234.007,63339.0,25.349999999998545,-0.07143999999999995
1727743235.008,63339.0,25.349999999998545,-0.026419999999999888
1727743236.007,63341.0,25.349999999998545,-2.7525500000000003
1727743237.008,63341.0,25.349999999998545,-1.10968
1727743238.009,63342.0,25.349999999998545,-4.45902
1727743239.007,63342.0,25.349999999998545,-5.171679
1727743240.008,63344.0,25.349999999998545,-5.165278000000001
1727743241.008,63342.0,25.349999999998545,-0.44233800000000034
1727743242.008,63342.0,25.349999999998545,-1.2848379999999997
1727743243.007,63341.0,25.349999999998545,-0.9802379999999999
1727743244.007,63342.0,25.349999999998545,-2.426208
1727743245.008,63342.0,25.349999999998545,-2.4112379999999995
1727743246.008,63342.0,25.349999999998545,0.07094200000000006
1727743247.011,63339.0,25.349999999998545,2.854272
1727743248.009,63339.0,25.349999999998545,2.7561920000000004
1727743249.008,63337.0,25.349999999998545,-1.7466909999999998
1727743250.008,63337.0,25.349999999998545,-2.7408010000000003
1727743251.007,63335.0,25.349999999998545,1.6567889999999998
1727743252.007,63335.0,25.349999999998545,1.969239
1727743253.007,63334.0,25.349999999998545,1.3593689999999998
1727743254.007,63335.0,25.349999999998545,0.006629000000000218
1727743255.008,63336.0,25.349999999998545,-0.715781
1727743256.009,63338.0,25.349999999998545,-4.473423
1727743257.007,63340.0,25.349999999998545,-5.102303
1727743258.007,63345.0,25.349999999998545,-11.156149999999998
1727743259.008,63355.0,25.369999999995343,-7.58072
1727743260.007,63357.0,25.369999999995343,-8.82673
1727743261.007,63357.0,25.37000000000262,-13.582237
1727743262.007,63360.0,25.37000000000262,-5.645994
1727743263.007,63364.0,25.37000000000262,-6.784403999999999
1727743264.007,63365.0,25.369999999995343,-6.6713700000000005
1727743265.008,63363.0,25.369999999995343,-5.550929999999999
1727743266.007,63363.0,25.369999999995343,-6.102600000000001
1727743267.009,63363.0,25.369999999995343,-5.03875
1727743268.007,63364.0,25.369999999995343,-6.4880700000000004
1727743269.008,63365.0,25.369999999995343,-8.94956
1727743270.01,63380.0,25.369999999995343,-17.197139999999997
1727743271.007,63382.0,25.369999999995343,-18.71698
1727743272.007,63382.0,25.369999999995343,-19.35029
1727743273.007,63386.0,25.37000000000262,-10.052735
1727743274.008,63387.0,25.37000000000262,-6.3660429999999995
1727743275.008,63385.0,25.37000000000262,-3.3845370000000004
1727743276.009,63381.0,25.37000000000262,7.19642
1727743277.007,63377.0,25.37000000000262,5.47011
1727743278.007,63380.0,25.37000000000262,-2.1456
1727743279.007,63380.0,25.37000000000262,-1.0531100000000002
1727743280.007,63379.0,25.37000000000262,-1.13137
1727743281.008,63380.0,25.37000000000262,-6.20777
1727743282.007,63378.0,25.37000000000262,-1.45113
1727743283.007,63377.0,25.37000000000262,0.5349900000000001
1727743284.007,63378.0,25.37000000000262,-0.88611
1727743285.008,63380.0,25.37000000000262,-2.233439
1727743286.008,63373.0,25.369999999995343,5.40727
1727743287.008,63371.0,25.369999999995343,5.81656
1727743288.007,63370.0,25.369999999995343,4.21436
1727743289.007,63370.0,25.369999999995343,4.365950000000001
1727743290.008,63370.0,25.369999999995343,2.5639399999999997
1727743291.007,63372.0,25.369999999995343,1.48487
1727743292.008,63372.0,25.369999999995343,-1.72216
1727743293.007,63374.0,25.369999999995343,-3.8693500000000003
1727743294.007,63380.0,25.37000000000262,-7.39773
1727743295.008,63381.0,25.37000000000262,-12.656666
1727743296.007,63381.0,25.37000000000262,-13.439886
1727743297.007,63388.0,25.37000000000262,-10.678224
1727743298.01,63388.0,25.37000000000262,-5.311014
1727743299.008,63389.0,25.37000000000262,-5.546874000000001
1727743300.007,63389.0,25.37000000000262,-10.175963999999999
1727743301.008,63389.0,25.37000000000262,-6.254832
1727743302.007,63381.0,25.37000000000262,6.982457
1727743303.007,63380.0,25.37000000000262,8.733884
1727743304.007,63377.0,25.37000000000262,5.9953129999999994
1727743305.008,63377.0,25.37000000000262,6.9287030000000005
1727743306.007,63369.0,25.37000000000262,1.62541
1727743307.008,63366.0,25.37000000000262,2.5163900000000003
1727743308.009,63366.0,25.37000000000262,-0.30717000000000017
1727743309.007,63366.0,25.37000000000262,-0.59266
1727743310.009,63366.0,25.37000000000262,0.09511000000000003
1727743311.008,63366.0,25.37000000000262,-2.4669
1727743312.007,63366.0,25.37000000000262,-3.1376100000000005
1727743313.007,63366.0,25.37000000000262,-3.1385699999999996
1727743314.007,63369.0,25.37000000000262,-4.38651
1727743315.01,63372.0,25.37000000000262,-0.9641219999999997
1727743316.007,63367.0,25.37000000000262,2.5060339999999997
1727743317.007,63366.0,25.37000000000262,3.0597339999999997
1727743318.007,63366.0,25.37000000000262,0.7113140000000002
1727743319.007,63366.0,25.37000000000262,-0.15152600000000005
1727743320.009,63367.0,25.37000000000262,-1.465856
1727743321.007,63367.0,25.37000000000262,4.058544
1727743322.008,63359.0,25.37000000000262,8.18807
1727743323.007,63361.0,25.37000000000262,1.0556199999999998
1727743324.007,63362.0,25.37000000000262,-5.612813
1727743325.007,63368.0,25.37000000000262,-6.265132
1727743326.008,63368.0,25.37000000000262,-7.781862
1727743327.007,63368.0,25.37000000000262,-5.752142
1727743328.008,63368.0,25.37000000000262,-6.158902
1727743329.007,63368.0,25.37000000000262,-0.14227200000000018
1727743330.006,63364.0,25.37000000000262,6.0318629999999995
1727743331.008,63359.0,25.37000000000262,7.6810529999999995
1727743332.011,63359.0,25.37000000000262,7.936853000000001
1727743333.008,63357.0,25.37000000000262,8.744478
1727743334.008,63357.0,25.37000000000262,8.729557999999999
1727743335.007,63361.0,25.37000000000262,-6.81909
1727743336.007,63363.0,25.37000000000262,-7.89067
1727743337.008,63363.0,25.37000000000262,-7.97756
1727743338.008,63364.0,25.37000000000262,-8.27954
1727743339.008,63365.0,25.37000000000262,-10.61518
1727743340.008,63366.0,25.37000000000262,-8.475933999999999
1727743341.008,63368.0,25.37000000000262,-8.673024
1727743342.009,63368.0,25.37000000000262,-7.5832939999999995
1727743343.009,63368.0,25.37000000000262,-7.644081
1727743344.007,63364.0,25.37000000000262,-0.42864100000000027
1727743345.008,63364.0,25.37000000000262,0.8656990000000002
1727743346.008,63363.0,25.37000000000262,7.39943
1727743347.008,63361.0,25.37000000000262,4.664391
1727743348.007,63360.0,25.37000000000262,8.004700999999999
1727743349.008,63359.0,25.37000000000262,8.268941
1727743350.007,63359.0,25.37000000000262,8.282771
1727743351.008,63359.0,25.37000000000262,6.668181000000001
1727743352.007,63359.0,25.369999999995343,4.25458
1727743353.008,63359.0,25.369999999995343,2.17654
1727743354.008,63359.0,25.369999999995343,2.1908799999999995
1727743355.007,63359.0,25.369999999995343,0.27947999999999995
1727743356.008,63356.0,25.37000000000262,5.318207
1727743357.008,63355.0,25.37000000000262,6.51057
1727743358.007,63351.0,25.37000000000262,6.2094320000000005
1727743359.007,63351.0,25.37000000000262,5.978642
1727743360.008,63351.0,25.37000000000262,5.1442820000000005
1727743361.007,63351.0,25.37000000000262,3.9230419999999997
1727743362.007,63337.0,25.35000000000582,2.7490699999999997
1727743363.008,63338.0,25.35000000000582,-3.91014
1727743364.007,63337.0,25.35000000000582,-3.1077999999999997
1727743365.007,63337.0,25.35000000000582,-1.7977699999999999
1727743366.008,63337.0,25.35000000000582,-4.74162
1727743367.007,63339.0,25.349999999998545,-7.38694
1727743368.008,63339.0,25.349999999998545,-6.67164
1727743369.007,63339.0,25.349999999998545,-7.87709
1727743370.007,63347.0,25.349999999998545,-6.662171
1727743371.007,63348.0,25.349999999998545,-7.663150999999999
1727743372.009,63348.0,25.349999999998545,-7.138171
1727743373.008,63347.0,25.349999999998545,-5.553501
1727743374.008,63353.0,25.37000000000262,-1.8808000000000002
1727743375.008,63354.0,25.37000000000262,-1.2519699999999996
1727743376.008,63347.0,25.37000000000262,8.424511
1727743377.008,63345.0,25.349999999998545,3.8795699999999997
1727743378.009,63343.0,25.349999999998545,5.8118
1727743379.007,63343.0,25.349999999998545,5.79637
1727743380.007,63343.0,25.349999999998545,2.0202099999999996
1727743381.008,63345.0,25.349999999998545,-3.60359
1727743382.007,63353.0,25.37000000000262,-2.3354600000000003
1727743383.007,63354.0,25.369999999995343,-8.20378
1727743384.007,63354.0,25.369999999995343,-8.77892
1727743385.008,63354.0,25.369999999995343,-8.89215
1727743386.007,63362.0,25.37000000000262,-9.03356
1727743387.007,63368.0,25.37000000000262,-5.166423
1727743388.007,63370.0,25.37000000000262,-7.0874429999999995
1727743389.008,63369.0,25.37000000000262,-6.728453
1727743390.007,63369.0,25.37000000000262,-6.879213
1727743391.008,63369.0,25.37000000000262,-6.414923
1727743392.008,63369.0,25.37000000000262,-7.720993
1727743393.007,63369.0,25.37000000000262,-7.738102999999999
1727743394.007,63369.0,25.37000000000262,-6.846593
1727743395.007,63369.0,25.37000000000262,-7.047833
1727743396.007,63369.0,25.37000000000262,-7.569353000000001
1727743397.008,63372.0,25.37000000000262,-18.689367
1727743398.007,63372.0,25.37000000000262,-13.20854
1727743399.008,63372.0,25.37000000000262,-15.162279999999999
1727743400.008,63372.0,25.37000000000262,-15.60932
1727743401.008,63372.0,25.37000000000262,-15.66978
1727743402.008,63372.0,25.37000000000262,-12.01379
1727743403.009,63370.0,25.37000000000262,-1.1719199999999992
1727743404.008,63368.0,25.37000000000262,1.0406700000000004
1727743405.008,63368.0,25.37000000000262,-0.4629799999999995
1727743406.007,63368.0,25.37000000000262,-0.6171899999999999
1727743407.007,63368.0,25.37000000000262,-0.8141000000000003
1727743408.007,63368.0,25.37000000000262,-0.7861900000000004
1727743409.008,63369.0,25.37000000000262,-1.8769699999999996
1727743410.007,63369.0,25.37000000000262,-1.4429999999999996
1727743411.007,63373.0,25.37000000000262,-6.86608
1727743412.008,63374.0,25.37000000000262,-7.3971599999999995
1727743413.008,63372.0,25.37000000000262,-6.283
1727743414.007,63374.0,25.37000000000262,-8.39363
1727743415.007,63374.0,25.37000000000262,-1.633783
1727743416.007,63385.0,25.37000000000262,-7.1134
1727743417.009,63384.0,25.37000000000262,-4.48286
1727743418.007,63384.0,25.37000000000262,-4.483980000000001
1727743419.007,63384.0,25.37000000000262,-4.08848
1727743420.007,63384.0,25.37000000000262,-4.4473
1727743421.007,63391.0,25.37000000000262,-13.156151
1727743422.007,63397.0,25.37000000000262,-11.062676
1727743423.007,63397.0,25.37000000000262,-8.382196
1727743424.007,63396.0,25.37000000000262,-7.484126999999999
1727743425.007,63396.0,25.37000000000262,-7.500707
1727743426.01,63396.0,25.37000000000262,-7.775646999999999
1727743427.008,63396.0,25.37000000000262,-8.842647
1727743428.007,63397.0,25.37000000000262,-11.142207
1727743429.007,63402.0,25.389999999999418,-6.938496000000001
1727743430.008,63407.0,25.389999999999418,-10.57382
1727743431.008,63408.0,25.389999999999418,-11.350613
1727743432.007,63413.0,25.389999999999418,-7.35047
1727743433.008,63414.0,25.389999999999418,-7.978619999999999
1727743434.009,63414.0,25.389999999999418,-4.7781
1727743435.007,63414.0,25.389999999999418,-5.484360000000001
1727743436.008,63414.0,25.389999999999418,-4.44125
1727743437.008,63410.0,25.389999999999418,6.947513000000001
1727743438.007,63405.0,25.389999999999418,6.024121
1727743439.008,63405.0,25.389999999999418,6.164530999999999
1727743440.007,63404.0,25.389999999999418,2.725991
1727743441.007,63404.0,25.389999999999418,2.027581
1727743442.008,63401.0,25.389999999999418,8.715060000000001
1727743443.007,63401.0,25.389999999999418,9.22004
1727743444.007,63401.0,25.389999999999418,5.16232
1727743445.007,63401.0,25.389999999999418,8.41625
1727743446.008,63401.0,25.389999999999418,7.46307
1727743447.007,63401.0,25.389999999999418,6.365419999999999
1727743448.007,63401.0,25.389999999999418,6.065880000000001
1727743449.008,63401.0,25.389999999999418,5.86346
1727743450.007,63401.0,25.389999999999418,3.6036699999999997
1727743451.008,63404.0,25.389999999999418,-14.08508
1727743452.008,63404.0,25.389999999999418,-15.053780000000001
1727743453.008,63404.0,25.389999999999418,-15.330089999999998
1727743454.007,63404.0,25.389999999999418,-14.558159999999999
1727743455.008,63404.0,25.389999999999418,-13.36401
1727743456.008,63404.0,25.389999999999418,-7.305720000000001
1727743457.008,63403.0,25.389999999999418,-6.628129999999999
1727743458.007,63403.0,25.389999999999418,-7.876589999999999
1727743459.007,63403.0,25.389999999999418,-13.56863
1727743460.007,63408.0,25.389999999999418,-7.86757
1727743461.008,63412.0,25.389999999999418,-8.806465000000001
1727743462.007,63412.0,25.389999999999418,-4.896603000000001
1727743463.008,63409.0,25.389999999999418,3.8127199999999997
1727743464.007,63398.0,25.389999999999418,2.119373
1727743465.008,63395.0,25.389999999999418,3.11415
1727743466.007,63395.0,25.389999999999418,4.55191
1727743467.008,63395.0,25.389999999999418,3.71847
1727743468.008,63396.0,25.389999999999418,-2.21109
1727743469.009,63396.0,25.389999999999418,-4.53418
1727743470.008,63399.0,25.389999999999418,-5.806150000000001
1727743471.007,63399.0,25.389999999999418,-8.71245
1727743472.008,63402.0,25.389999999999418,-5.33518
1727743473.007,63402.0,25.389999999999418,-3.8676600000000003
1727743474.007,63402.0,25.389999999999418,-2.86937
1727743475.007,63402.0,25.389999999999418,-4.0177
1727743476.007,63402.0,25.389999999999418,-3.9053900000000006
1727743477.008,63402.0,25.389999999999418,-4.01225
1727743478.008,63402.0,25.389999999999418,-3.9767099999999997
1727743479.009,63402.0,25.389999999999418,-7.24693
1727743480.008,63404.0,25.389999999999418,-10.38931
1727743481.007,63404.0,25.389999999999418,-11.223379999999999
1727743482.008,63405.0,25.389999999999418,-11.86506
1727743483.008,63405.0,25.389999999999418,-12.08427
1727743484.008,63409.0,25.389999999999418,-8.45453
1727743485.008,63409.0,25.389999999999418,-8.24964
1727743486.007,63409.0,25.389999999999418,-8.24492
1727743487.007,63409.0,25.389999999999418,-8.89597
1727743488.007,63409.0,25.389999999999418,-8.70636
1727743489.009,63409.0,25.389999999999418,-8.89808
1727743490.007,63409.0,25.389999999999418,-8.9088
1727743491.008,63411.0,25.389999999999418,-11.770990999999999
1727743492.007,63411.0,25.389999999999418,-10.172261
1727743493.008,63411.0,25.389999999999418,-11.486681
1727743494.007,63411.0,25.389999999999418,-9.875611000000001
1727743495.007,63411.0,25.389999999999418,-10.313851
1727743496.008,63411.0,25.389999999999418,-11.582761
1727743497.007,63411.0,25.389999999999418,-10.778381000000001
1727743498.008,63412.0,25.389999999999418,-11.684746
1727743499.008,63412.0,25.389999999999418,-9.500866
1727743500.007,63412.0,25.389999999999418,-9.376226
1727743501.007,63413.0,25.389999999999418,-11.531136
1727743502.007,63413.0,25.389999999999418,-10.194825999999999
1727743503.007,63418.0,25.389999999999418,-6.5735
1727743504.007,63423.0,25.389999999999418,-6.92828
1727743505.007,63426.0,25.389999999999418,-1.9111700000000003
1727743506.008,63423.0,25.389999999999418,-1.6967600000000003
1727743507.008,63423.0,25.389999999999418,-1.6831799999999997
1727743508.008,63423.0,25.389999999999418,-0.76329
1727743509.007,63423.0,25.389999999999418,-0.17853999999999992
1727743510.007,63413.0,25.389999999999418,2.9929900000000003
1727743511.008,63410.0,25.389999999999418,7.618747
1727743512.007,63407.0,25.389999999999418,4.162813000000001
1727743513.008,63407.0,25.389999999999418,-1.729017
1727743514.007,63407.0,25.389999999999418,-2.163387
1727743515.008,63409.0,25.389999999999418,-12.160609999999998
1727743516.008,63415.0,25.389999999999418,-2.6869500000000004
1727743517.008,63416.0,25.389999999999418,-2.9813099999999997
1727743518.007,63416.0,25.389999999999418,-3.0399299999999996
1727743519.008,63418.0,25.389999999999418,-14.172132
1727743520.007,63429.0,25.390000000006694,2.56124
1727743521.007,63429.0,25.390000000006694,-0.2483200000000001
1727743522.008,63422.0,25.389999999999418,2.2685729999999995
1727743523.007,63420.0,25.389999999999418,6.311063
1727743524.008,63414.0,25.389999999999418,8.366085
1727743525.007,63414.0,25.389999999999418,8.614215
1727743526.008,63409.0,25.389999999999418,6.545725
1727743527.007,63410.0,25.389999999999418,7.757875
1727743528.009,63409.0,25.389999999999418,7.772915
1727743529.007,63403.0,25.389999999999418,6.890941
1727743530.008,63405.0,25.389999999999418,-9.29526
1727743531.008,63409.0,25.389999999999418,-3.68987
1727743532.007,63409.0,25.389999999999418,-1.7014100000000005
1727743533.007,63409.0,25.389999999999418,2.3027800000000003
1727743534.008,63409.0,25.389999999999418,-0.85514
1727743535.008,63413.0,25.389999999999418,-3.4090700000000003
1727743536.008,63413.0,25.389999999999418,-6.13028
1727743537.007,63413.0,25.389999999999418,-11.022181
1727743538.007,63413.0,25.389999999999418,-10.987350999999999
1727743539.007,63413.0,25.389999999999418,-10.928590999999999
1727743540.009,63413.0,25.389999999999418,-10.100311
1727743541.008,63414.0,25.389999999999418,-13.321113
1727743542.006,63420.0,25.389999999999418,-9.451418
1727743543.007,63420.0,25.389999999999418,-7.353937999999999
1727743544.008,63420.0,25.389999999999418,-6.189298000000001
1727743545.008,63420.0,25.389999999999418,-6.979488
1727743546.007,63420.0,25.389999999999418,-9.139678
1727743547.007,63420.0,25.389999999999418,-6.332008
1727743548.007,63420.0,25.389999999999418,-7.0065479999999996
1727743549.007,63420.0,25.389999999999418,-7.931367999999999
1727743550.007,63420.0,25.389999999999418,-7.974428
1727743551.009,63420.0,25.389999999999418,-0.6678980000000001
1727743552.009,63419.0,25.389999999999418,0.7687020000000002
1727743553.007,63418.0,25.389999999999418,2.7800019999999996
1727743554.007,63418.0,25.389999999999418,-1.5529080000000002
1727743555.008,63426.0,25.389999999999418,-2.9408000000000003
1727743556.008,63428.0,25.389999999999418,-3.06233
1727743557.007,63425.0,25.389999999999418,2.94306
1727743558.007,63421.0,25.389999999999418,2.6088899999999997
1727743559.007,63420.0,25.389999999999418,7.2301
1727743560.008,63417.0,25.389999999999418,6.1401
1727743561.008,63417.0,25.390000000006694,3.5937199999999994
1727743562.007,63417.0,25.390000000006694,3.6131399999999996
1727743563.008,63420.0,25.390000000006694,0.32665999999999995
1727743564.007,63420.0,25.390000000006694,-1.5512899999999998
1727743565.007,63421.0,25.390000000006694,-1.8461299999999998
1727743566.007,63421.0,25.390000000006694,-1.81075
1727743567.008,63421.0,25.390000000006694,-1.7252699999999999
1727743568.007,63428.0,25.390000000006694,-5.1344899999999996
1727743569.008,63429.0,25.389999999999418,2.964093
1727743570.008,63426.0,25.389999999999418,4.14528
1727743571.008,63424.0,25.389999999999418,4.86189
1727743572.007,63424.0,25.389999999999418,4.91106
1727743573.008,63424.0,25.389999999999418,4.93187
1727743574.007,63424.0,25.389999999999418,4.47789
1727743575.009,63424.0,25.389999999999418,3.3195499999999996
1727743576.008,63424.0,25.389999999999418,3.2067499999999995
1727743577.007,63424.0,25.389999999999418,2.07203
1727743578.007,63423.0,25.389999999999418,1.4909599999999994
1727743579.007,63423.0,25.389999999999418,0.3116899999999996
1727743580.007,63425.0,25.389999999999418,-0.0044199999999996464
1727743581.007,63425.0,25.389999999999418,0.5230000000000006
1727743582.008,63425.0,25.389999999999418,0.47908999999999935
1727743583.007,63425.0,25.389999999999418,-4.71124
1727743584.007,63425.0,25.389999999999418,-4.887569999999999
1727743585.008,63425.0,25.389999999999418,-1.7261200000000003
1727743586.008,63430.0,25.389999999999418,-11.906498
1727743587.007,63430.0,25.389999999999418,-5.7373080000000005
1727743588.007,63427.0,25.389999999999418,6.429889999999999
1727743589.007,63426.0,25.389999999999418,0.11476999999999998
1727743590.007,63419.0,25.389999999999418,3.7231
1727743591.007,63419.0,25.389999999999418,2.9408300000000005
1727743592.008,63419.0,25.389999999999418,3.19759
1727743593.007,63418.0,25.389999999999418,4.836169999999999
1727743594.007,63418.0,25.389999999999418,4.480700000000001
1727743595.007,63420.0,25.389999999999418,-3.53488
1727743596.007,63420.0,25.389999999999418,-3.6414999999999997
1727743597.008,63420.0,25.389999999999418,-4.42467
1727743598.006,63420.0,25.389999999999418,-5.05248
1727743599.008,63428.0,25.389999999999418,2.1774800000000005
1727743600.007,63425.0,25.389999999999418,3.7659399999999996
1727743601.007,63426.0,25.389999999999418,0.7409599999999998
1727743602.007,63428.0,25.389999999999418,1.18445
1727743603.008,63428.0,25.389999999999418,1.5554300000000003
1727743604.008,63428.0,25.389999999999418,0.4069099999999999
1727743605.007,63427.0,25.389999999999418,0.3102900000000002
1727743606.008,63427.0,25.389999999999418,-1.53931
1727743607.008,63416.0,25.389999999999418,8.081790999999999
1727743608.007,63416.0,25.389999999999418,6.882311
1727743609.007,63418.0,25.389999999999418,1.1951110000000003
1727743610.007,63418.0,25.389999999999418,-4.250019
1727743611.007,63423.0,25.389999999999418,0.26785999999999976
1727743612.008,63423.0,25.389999999999418,-0.2097500000000001
1727743613.008,63423.0,25.389999999999418,0.5424499999999997
1727743614.007,63423.0,25.389999999999418,-0.11285999999999996
1727743615.007,63423.0,25.389999999999418,-0.5548099999999998
1727743616.007,63423.0,25.389999999999418,-0.52542
1727743617.008,63423.0,25.389999999999418,0.6526900000000002
1727743618.008,63422.0,25.389999999999418,2.1252899999999997
1727743619.008,63420.0,25.389999999999418,4.43542
1727743620.007,63420.0,25.389999999999418,4.36454
1727743621.007,63428.0,25.389999999999418,-4.02199
1727743622.009,63432.0,25.389999999999418,-15.265120000000001
1727743623.007,63436.0,25.389999999999418,-14.483338
1727743624.007,63437.0,25.389999999999418,-13.714473
1727743625.008,63437.0,25.389999999999418,-13.616823
1727743626.007,63437.0,25.389999999999418,-13.32198
1727743627.007,63437.0,25.389999999999418,-14.930793
1727743628.009,63437.0,25.389999999999418,-13.001335000000001
1727743629.008,63437.0,25.389999999999418,-13.014531
1727743630.008,63437.0,25.389999999999418,-13.460491
1727743631.007,63440.0,25.389999999999418,-9.606283000000001
1727743632.008,63440.0,25.389999999999418,-12.149602999999999
1727743633.007,63441.0,25.389999999999418,-12.642303
1727743634.008,63442.0,25.389999999999418,-9.692403
1727743635.009,63447.0,25.389999999999418,-19.652908999999998
1727743636.007,63447.0,25.389999999999418,-17.315809
1727743637.008,63447.0,25.389999999999418,-17.223889
1727743638.008,63447.0,25.389999999999418,-19.886629
1727743639.008,63447.0,25.389999999999418,-19.411119
1727743640.007,63447.0,25.389999999999418,-20.034809
1727743641.008,63447.0,25.410000000003492,-12.93186
1727743642.008,63454.0,25.410000000003492,-3.5113199999999996
1727743643.007,63454.0,25.410000000003492,-1.0973200000000003
1727743644.007,63454.0,25.410000000003492,-0.52352
1727743645.007,63455.0,25.410000000003492,-4.6403799999999995
1727743646.007,63459.0,25.410000000003492,-6.17303
1727743647.007,63462.0,25.409999999996217,-8.529099
1727743648.007,63466.0,25.409999999996217,-26.595091
1727743649.008,63466.0,25.409999999996217,-25.882541
1727743650.008,63464.0,25.409999999996217,-21.597641
1727743651.007,63463.0,25.409999999996217,-21.766861000000002
1727743652.008,63469.0,25.410000000003492,-8.64317
1727743653.007,63465.0,25.410000000003492,3.27408
1727743654.008,63462.0,25.410000000003492,5.96289
1727743655.007,63462.0,25.410000000003492,7.40984
1727743656.007,63460.0,25.410000000003492,4.26855
1727743657.007,63456.0,25.410000000003492,6.47179
1727743658.007,63453.0,25.409999999996217,5.892816
1727743659.009,63449.0,25.409999999996217,7.791621
1727743660.007,63439.0,25.389999999999418,4.23054
1727743661.008,63435.0,25.389999999999418,7.137099999999999
1727743662.007,63428.0,25.389999999999418,6.3491610000000005
1727743663.007,63426.0,25.389999999999418,6.510761
1727743664.007,63428.0,25.389999999999418,2.7297310000000006
1727743665.009,63428.0,25.389999999999418,2.564961
1727743666.007,63428.0,25.389999999999418,2.527811
1727743667.007,63428.0,25.389999999999418,3.0391609999999996
1727743668.007,63429.0,25.389999999999418,1.7110410000000003
1727743669.007,63429.0,25.389999999999418,1.713851
1727743670.007,63429.0,25.389999999999418,1.7129109999999996
1727743671.008,63429.0,25.389999999999418,1.627571
1727743672.007,63431.0,25.389999999999418,-4.679439
1727743673.007,63434.0,25.389999999999418,-10.548192
1727743674.007,63436.0,25.389999999999418,-3.9904539999999997
1727743675.007,63437.0,25.389999999999418,-6.830712999999999
1727743676.007,63437.0,25.389999999999418,-6.4072629999999995
1727743677.007,63437.0,25.389999999999418,-6.041863
1727743678.007,63437.0,25.389999999999418,-6.0440830000000005
1727743679.007,63434.0,25.389999999999418,0.7472070000000004
1727743680.008,63434.0,25.389999999999418,0.7273800000000001
1727743681.007,63434.0,25.389999999999418,-0.055126999999999704
1727743682.008,63434.0,25.389999999999418,1.1723029999999999
1727743683.008,63434.0,25.389999999999418,-0.21797699999999987
1727743684.007,63434.0,25.389999999999418,-0.2910569999999999
1727743685.008,63434.0,25.389999999999418,1.345583
1727743686.007,63435.0,25.389999999999418,-1.374527
1727743687.007,63437.0,25.389999999999418,-7.87321
1727743688.009,63440.0,25.389999999999418,-7.906899999999999
1727743689.007,63442.0,25.389999999999418,-6.890059999999999
1727743690.007,63445.0,25.389999999999418,-7.107664
1727743691.007,63447.0,25.409999999996217,-4.96177
1727743692.007,63447.0,25.409999999996217,-4.81869
1727743693.007,63447.0,25.409999999996217,-4.12283
1727743694.008,63461.0,25.409999999996217,-18.050046
1727743695.009,63463.0,25.410000000003492,-8.73534
1727743696.007,63470.0,25.410000000003492,-0.9373499999999999
1727743697.007,63471.0,25.410000000003492,-0.06104999999999983
1727743698.007,63471.0,25.410000000003492,-0.5319600000000002
1727743699.007,63471.0,25.410000000003492,-1.61058
1727743700.008,63474.0,25.410000000003492,-4.804880000000001
1727743701.007,63480.0,25.409999999996217,-5.05401
1727743702.008,63481.0,25.409999999996217,-8.817329999999998
1727743703.007,63488.0,25.409999999996217,2.986642
1727743704.008,63480.0,25.409999999996217,4.19685
1727743705.007,63480.0,25.409999999996217,2.3292599999999997
1727743706.007,63480.0,25.409999999996217,2.6559399999999997
1727743707.007,63480.0,25.409999999996217,3.2269799999999997
1727743708.009,63478.0,25.410000000003492,7.47652
1727743709.007,63474.0,25.409999999996217,3.865422
1727743710.012,63474.0,25.409999999996217,5.791712
1727743711.007,63472.0,25.409999999996217,1.6783400000000002
1727743712.008,63470.0,25.409999999996217,5.435712
1727743713.007,63464.0,25.409999999996217,7.11133
1727743714.007,63460.0,25.410000000003492,8.03797
1727743715.007,63456.0,25.410000000003492,2.98037
1727743716.008,63448.0,25.410000000003492,5.52848
1727743717.009,63447.0,25.410000000003492,5.403706
1727743718.009,63443.0,25.390000000006694,6.42208
1727743719.007,63443.0,25.389999999999418,4.21464
1727743720.007,63442.0,25.389999999999418,3.372497
1727743721.012,63442.0,25.389999999999418,4.775097
1727743722.008,63442.0,25.389999999999418,3.368007
1727743723.009,63443.0,25.389999999999418,1.9417269999999998
1727743724.008,63443.0,25.389999999999418,1.955647
1727743725.007,63443.0,25.389999999999418,1.890637
1727743726.008,63445.0,25.389999999999418,-3.5090030000000003
1727743727.008,63444.0,25.389999999999418,0.657607
1727743728.007,63444.0,25.389999999999418,0.3858269999999999
1727743729.007,63444.0,25.389999999999418,-1.5740930000000002
1727743730.007,63445.0,25.389999999999418,-1.7575530000000001
1727743731.008,63446.0,25.389999999999418,-5.330943
1727743732.008,63450.0,25.410000000003492,-0.21765999999999952
1727743733.008,63450.0,25.410000000003492,-0.27630000000000043
1727743734.008,63450.0,25.410000000003492,-0.6633600000000004
1727743735.007,63450.0,25.410000000003492,-0.5503800000000005
1727743736.007,63450.0,25.410000000003492,0.2979099999999999
1727743737.007,63447.0,25.410000000003492,4.0177499999999995
1727743738.007,63447.0,25.410000000003492,5.0199
1727743739.007,63447.0,25.410000000003492,4.485589999999999
1727743740.007,63447.0,25.410000000003492,4.38954
1727743741.008,63447.0,25.410000000003492,4.6033
1727743742.008,63447.0,25.409999999996217,2.60772
1727743743.007,63444.0,25.400000000001455,5.947081000000001
1727743744.009,63444.0,25.400000000001455,6.744791
1727743745.008,63444.0,25.400000000001455,6.979971
1727743746.008,63438.0,25.389999999999418,7.241554
1727743747.01,63438.0,25.389999999999418,5.364024
1727743748.008,63438.0,25.389999999999418,5.186794000000001
1727743749.007,63438.0,25.389999999999418,3.7615540000000003
1727743750.007,63438.0,25.389999999999418,4.054214
1727743751.008,63438.0,25.389999999999418,4.009364
1727743752.008,63438.0,25.389999999999418,4.024214
1727743753.008,63438.0,25.389999999999418,6.314664
1727743754.007,63438.0,25.389999999999418,4.743094
1727743755.008,63438.0,25.389999999999418,3.561194
1727743756.007,63438.0,25.389999999999418,3.586854
1727743757.007,63438.0,25.389999999999418,3.931694
1727743758.008,63438.0,25.389999999999418,4.061494
1727743759.008,63438.0,25.389999999999418,4.694584
1727743760.007,63438.0,25.389999999999418,4.836364
1727743761.007,63438.0,25.389999999999418,4.855454
1727743762.007,63438.0,25.389999999999418,4.779164000000001
1727743763.008,63438.0,25.389999999999418,4.336684
1727743764.008,63438.0,25.389999999999418,4.351754
1727743765.007,63438.0,25.389999999999418,2.9858040000000003
1727743766.009,63439.0,25.389999999999418,6.3163540000000005
1727743767.007,63439.0,25.389999999999418,5.281154000000001
1727743768.008,63437.0,25.389999999999418,3.1591699999999996
1727743769.008,63438.0,25.389999999999418,2.4265399999999997
1727743770.007,63438.0,25.389999999999418,1.9153699999999998
1727743771.007,63438.0,25.389999999999418,1.8242399999999996
1727743772.007,63438.0,25.389999999999418,0.4487800000000002
1727743773.007,63438.0,25.389999999999418,1.6338599999999999
1727743774.008,63438.0,25.389999999999418,-0.12853999999999965
1727743775.008,63438.0,25.389999999999418,-1.1822399999999997
1727743776.007,63444.0,25.389999999999418,-8.73861
1727743777.007,63443.0,25.389999999999418,-2.9485499999999996
1727743778.008,63442.0,25.389999999999418,-2.5522299999999998
1727743779.007,63442.0,25.389999999999418,-2.3961200000000007
1727743780.007,63442.0,25.389999999999418,-2.1871600000000004
1727743781.007,63442.0,25.389999999999418,-2.9175799999999996
1727743782.008,63442.0,25.389999999999418,-2.1393200000000006
1727743783.008,63442.0,25.389999999999418,-3.2887100000000005
1727743784.007,63442.0,25.389999999999418,-2.9822699999999998
1727743785.008,63442.0,25.389999999999418,-2.76252
1727743786.008,63442.0,25.389999999999418,-2.3713100000000003
1727743787.008,63442.0,25.389999999999418,-2.7864100000000005
1727743788.008,63442.0,25.389999999999418,-3.1258899999999996
1727743789.007,63442.0,25.389999999999418,-3.15693
1727743790.007,63442.0,25.389999999999418,0.6726700000000001
1727743791.007,63442.0,25.389999999999418,0.21787000000000045
1727743792.007,63442.0,25.389999999999418,-0.2185999999999999
1727743793.007,63442.0,25.389999999999418,-0.6374500000000003
1727743794.007,63442.0,25.389999999999418,-0.6406300000000003
1727743795.007,63442.0,25.389999999999418,-2.87411
1727743796.007,63442.0,25.389999999999418,-2.9492
1727743797.007,63442.0,25.389999999999418,-4.142860000000001
1727743798.009,63442.0,25.389999999999418,-3.49572
1727743799.007,63442.0,25.389999999999418,-3.27182
1727743800.008,63442.0,25.389999999999418,-3.7198300000000004
1727743801.008,63448.0,25.409999999996217,-11.120830999999999
1727743802.008,63448.0,25.409999999996217,-8.727891
1727743803.007,63446.0,25.409999999996217,-1.2920509999999998
1727743804.007,63442.0,25.389999999999418,-0.36177999999999955
1727743805.008,63452.0,25.409999999996217,-6.916811999999999
1727743806.008,63452.0,25.409999999996217,-6.2329419999999995
1727743807.008,63452.0,25.409999999996217,-7.905742000000001
1727743808.008,63452.0,25.409999999996217,-8.288499999999999
1727743809.008,63455.0,25.409999999996217,-5.378373
1727743810.007,63455.0,25.409999999996217,-4.544653
1727743811.007,63453.0,25.409999999996217,-3.967122999999999
1727743812.008,63453.0,25.409999999996217,-3.9677830000000007
1727743813.009,63453.0,25.409999999996217,-3.9375030000000004
1727743814.008,63453.0,25.409999999996217,-5.006093
1727743815.008,63454.0,25.409999999996217,-5.482603
1727743816.008,63455.0,25.409999999996217,-9.033773
1727743817.008,63457.0,25.409999999996217,-11.227262999999999
1727743818.009,63465.0,25.409999999996217,-7.625506000000001
1727743819.007,63465.0,25.409999999996217,-3.6711769999999992
1727743820.007,63459.0,25.410000000003492,5.49935
1727743821.007,63456.0,25.409999999996217,0.79088
1727743822.007,63455.0,25.409999999996217,0.9996299999999998
1727743823.007,63451.0,25.409999999996217,7.35358
1727743824.008,63450.0,25.409999999996217,2.5181800000000005
1727743825.007,63453.0,25.410000000003492,-10.26955
1727743826.007,63458.0,25.409999999996217,-9.645681
1727743827.007,63459.0,25.409999999996217,-10.093321000000001
1727743828.007,63458.0,25.409999999996217,-5.32956
1727743829.009,63474.0,25.410000000003492,-0.8415810000000006
1727743830.007,63473.0,25.410000000003492,-0.29444099999999995
1727743831.008,63473.0,25.410000000003492,-1.396821
1727743832.007,63473.0,25.410000000003492,-2.630011
1727743833.008,63473.0,25.410000000003492,0.6463090000000005
1727743834.007,63473.0,25.410000000003492,-0.41923100000000035
1727743835.008,63478.0,25.409999999996217,-10.67627
1727743836.008,63478.0,25.409999999996217,-9.6121
1727743837.008,63479.0,25.410000000003492,-11.368590000000001
1727743838.007,63484.0,25.409999999996217,-10.11444
1727743839.008,63488.0,25.409999999996217,-6.546546
1727743840.008,63495.0,25.409999999996217,-6.048608000000001
1727743841.008,63498.0,25.409999999996217,-7.379827999999999
1727743842.008,63500.0,25.43000000000029,-14.435039999999999
1727743843.007,63501.0,25.43000000000029,-7.633420000000001
1727743844.007,63505.0,25.43000000000029,-1.9156
1727743845.008,63508.0,25.43000000000029,-9.8829
1727743846.008,63516.0,25.43000000000029,-1.7710499999999998
1727743847.008,63516.0,25.43000000000029,-4.7604299999999995
1727743848.007,63520.0,25.43000000000029,-7.68154
1727743849.013,63523.0,25.43000000000029,-9.55963
1727743850.008,63524.0,25.43000000000029,-7.04216
1727743851.008,63546.0,25.43000000000029,-6.138058
1727743852.008,63547.0,25.44999999999709,-9.81203
1727743853.008,63549.0,25.44999999999709,-14.60578
1727743854.007,63561.0,25.44999999999709,-10.01682
1727743855.007,63572.0,25.44999999999709,-4.49962
1727743856.007,63578.0,25.44999999999709,4.11075
1727743857.007,63590.0,25.44999999999709,-1.18623
1727743858.01,63600.0,25.470000000001164,-8.56139
1727743859.01,63599.0,25.470000000001164,-2.9153
1727743860.01,63593.0,25.470000000001164,6.68411
1727743861.008,63579.0,25.450000000004366,5.525673
1727743862.011,63578.0,25.44999999999709,1.8905200000000002
1727743863.009,63570.0,25.450000000004366,1.9597910000000003
1727743864.009,63567.0,25.450000000004366,4.3325499999999995
1727743865.008,63565.0,25.44999999999709,-0.93391
1727743866.009,63561.0,25.450000000004366,1.3184699999999998
1727743867.007,63561.0,25.450000000004366,1.41044
1727743868.008,63562.0,25.450000000004366,-0.7666299999999999
1727743869.007,63562.0,25.450000000004366,1.7405299999999997
1727743870.008,63553.0,25.450000000004366,4.882219999999999
1727743871.007,63550.0,25.44999999999709,-0.4140999999999999
1727743872.008,63550.0,25.450000000004366,-3.186493
1727743873.009,63558.0,25.450000000004366,-7.464411
1727743874.008,63559.0,25.450000000004366,-7.1809009999999995
1727743875.007,63562.0,25.450000000004366,-9.686451
1727743876.008,63562.0,25.450000000004366,-10.130450999999999
1727743877.008,63567.0,25.450000000004366,-1.6837500000000003
1727743878.008,63562.0,25.44999999999709,2.4720000000000004
1727743879.008,63554.0,25.450000000004366,6.51705
1727743880.007,63559.0,25.44999999999709,-7.92319
1727743881.008,63564.0,25.450000000004366,-7.047807
1727743882.008,63568.0,25.44999999999709,-6.43428
1727743883.007,63576.0,25.450000000004366,-1.1138629999999998
1727743884.007,63577.0,25.450000000004366,-10.647529
1727743885.012,63583.0,25.44999999999709,-3.80854
1727743886.007,63587.0,25.44999999999709,-2.45534
1727743887.007,63584.0,25.44999999999709,-0.17335999999999974
1727743888.008,63586.0,25.44999999999709,-0.28881999999999985
1727743889.007,63593.0,25.450000000004366,1.498488
1727743890.008,63591.0,25.450000000004366,3.568918
1727743891.009,63582.0,25.450000000004366,3.867013
1727743892.008,63582.0,25.450000000004366,5.583603
1727743893.007,63578.0,25.44999999999709,2.36294
1727743894.007,63577.0,25.44999999999709,0.02571000000000012
1727743895.008,63577.0,25.44999999999709,-0.06207999999999991
1727743896.007,63578.0,25.44999999999709,-0.24944999999999995
1727743897.014,63575.0,25.450000000004366,5.3609800000000005
1727743898.007,63563.0,25.450000000004366,6.720757
1727743899.007,63563.0,25.450000000004366,7.358257
1727743900.008,63561.0,25.450000000004366,3.350629
1727743901.008,63556.0,25.450000000004366,5.588455
1727743902.008,63549.0,25.450000000004366,7.029767
1727743903.009,63546.0,25.450000000004366,5.4784180000000005
1727743904.008,63543.0,25.44999999999709,5.57245
1727743905.007,63535.0,25.43000000000029,3.8288699999999998
1727743906.007,63534.0,25.43000000000029,3.4312099999999996
1727743907.007,63527.0,25.43000000000029,2.033734
1727743908.009,63528.0,25.43000000000029,1.256224
1727743909.008,63536.0,25.43000000000029,-4.10224
1727743910.007,63536.0,25.43000000000029,-4.8828499999999995
1727743911.007,63534.0,25.43000000000029,0.03536000000000028
1727743912.009,63538.0,25.43000000000029,-4.11922
1727743913.007,63538.0,25.43000000000029,-4.53439
1727743914.01,63538.0,25.43000000000029,-4.6681
1727743915.008,63538.0,25.43000000000029,-2.21964
1727743916.007,63538.0,25.43000000000029,-1.17071
1727743917.007,63542.0,25.43000000000029,-7.73417
1727743918.007,63543.0,25.43000000000029,-5.5699700000000005
1727743919.008,63541.0,25.43000000000029,-5.92872
1727743920.007,63547.0,25.450000000004366,-8.630817
1727743921.007,63541.0,25.43000000000029,1.3784999999999998
1727743922.008,63536.0,25.43000000000029,4.5868
1727743923.007,63534.0,25.43000000000029,4.5339100000000006
1727743924.007,63521.0,25.43000000000029,2.1445499999999997
1727743925.008,63521.0,25.43000000000029,2.4787800000000004
1727743926.008,63521.0,25.43000000000029,5.07827
1727743927.008,63522.0,25.43000000000029,-1.446103
1727743928.007,63521.0,25.43000000000029,-0.9029630000000002
1727743929.007,63514.0,25.43000000000029,6.4746179999999995
1727743930.007,63514.0,25.43000000000029,6.613058
1727743931.007,63514.0,25.43000000000029,6.335518
1727743932.007,63517.0,25.43000000000029,-1.039042
1727743933.007,63516.0,25.43000000000029,0.6308679999999998
1727743934.007,63513.0,25.43000000000029,2.06002
1727743935.007,63517.0,25.43000000000029,-4.69679
1727743936.009,63521.0,25.43000000000029,-7.638392
1727743937.008,63529.0,25.43000000000029,-11.628731
1727743938.008,63532.0,25.43000000000029,-12.145084
1727743939.007,63535.0,25.43000000000029,-8.899365
1727743940.009,63543.0,25.43000000000029,-9.097277
1727743941.007,63543.0,25.43000000000029,-10.535767
1727743942.007,63543.0,25.43000000000029,-7.87504
1727743943.007,63537.0,25.43000000000029,3.56524
1727743944.007,63535.0,25.43000000000029,4.630103
1727743945.008,63535.0,25.43000000000029,0.349453
1727743946.007,63536.0,25.43000000000029,-2.4920970000000002
1727743947.009,63536.0,25.43000000000029,0.444763
1727743948.007,63537.0,25.43000000000029,-3.1655670000000002
1727743949.007,63537.0,25.43000000000029,-3.2697570000000002
1727743950.007,63537.0,25.43000000000029,-1.5281369999999999
1727743951.007,63535.0,25.43000000000029,0.375853
1727743952.007,63535.0,25.43000000000029,-0.0693769999999998
1727743953.007,63535.0,25.43000000000029,-1.455877
1727743954.007,63535.0,25.43000000000029,-1.250967
1727743955.007,63542.0,25.43000000000029,3.56173
1727743956.007,63546.0,25.43000000000029,-7.740504
1727743957.009,63546.0,25.43000000000029,-6.734514
1727743958.008,63546.0,25.43000000000029,-8.054834
1727743959.008,63546.0,25.43000000000029,-7.838953999999999
1727743960.007,63546.0,25.43000000000029,-8.18515
1727743961.009,63556.0,25.450000000004366,-7.626736
1727743962.008,63558.0,25.450000000004366,-10.078856
1727743963.008,63556.0,25.450000000004366,-6.949498999999999
1727743964.008,63562.0,25.450000000004366,-11.443383
1727743965.008,63563.0,25.450000000004366,-7.6899760000000015
1727743966.007,63564.0,25.450000000004366,-7.595046
1727743967.009,63563.0,25.450000000004366,-1.6301560000000004
1727743968.007,63563.0,25.450000000004366,-2.7510959999999995
1727743969.007,63563.0,25.450000000004366,-2.742616
1727743970.007,63563.0,25.450000000004366,-3.0959160000000003
1727743971.007,63564.0,25.450000000004366,-3.8191759999999997
1727743972.007,63564.0,25.450000000004366,-3.771076
1727743973.008,63564.0,25.450000000004366,-3.397166
1727743974.007,63557.0,25.450000000004366,2.30553
1727743975.007,63554.0,25.450000000004366,4.717611
1727743976.008,63554.0,25.450000000004366,-1.6746390000000002
1727743977.008,63559.0,25.450000000004366,-12.32324
1727743978.009,63565.0,25.450000000004366,-11.15737
1727743979.007,63565.0,25.450000000004366,-11.05837
1727743980.008,63565.0,25.450000000004366,-11.091650000000001
1727743981.008,63565.0,25.450000000004366,-11.82434
1727743982.007,63565.0,25.450000000004366,-11.510900000000001
1727743983.007,63566.0,25.450000000004366,-12.0986
1727743984.008,63566.0,25.450000000004366,-11.468129999999999
1727743985.007,63563.0,25.450000000004366,-6.8786499999999995
1727743986.007,63562.0,25.450000000004366,-6.9284099999999995
1727743987.007,63562.0,25.450000000004366,-6.8735599999999994
1727743988.007,63562.0,25.450000000004366,-6.762009999999999
1727743989.007,63555.0,25.44999999999709,3.6279100000000004
1727743990.007,63559.0,25.450000000004366,-0.06983000000000006
1727743991.008,63559.0,25.450000000004366,0.4251100000000001
1727743992.007,63559.0,25.450000000004366,1.4181700000000002
1727743993.008,63549.0,25.44999999999709,0.91868
1727743994.007,63544.0,25.450000000004366,4.51166
1727743995.007,63544.0,25.450000000004366,2.7556399999999996
1727743996.008,63544.0,25.450000000004366,2.3334
1727743997.007,63543.0,25.44000000000233,5.243361
1727743998.007,63543.0,25.44000000000233,2.322521
1727743999.008,63543.0,25.44000000000233,3.190961
1727744000.007,63543.0,25.44000000000233,3.3809109999999993
1727744001.007,63542.0,25.43000000000029,4.2786550000000005
1727744002.01,63542.0,25.43000000000029,2.980715
1727744003.008,63542.0,25.43000000000029,3.683195
1727744004.008,63542.0,25.43000000000029,-0.29274500000000003
1727744005.007,63543.0,25.43000000000029,-0.8287950000000004
1727744006.007,63543.0,25.43000000000029,0.6110449999999998
1727744007.007,63543.0,25.43000000000029,0.7785850000000001
1727744008.007,63543.0,25.43000000000029,0.7042549999999999
1727744009.007,63542.0,25.43000000000029,2.608705
1727744010.008,63542.0,25.43000000000029,1.899915
1727744011.007,63542.0,25.43000000000029,-0.22940499999999986
1727744012.007,63542.0,25.43000000000029,1.366205
1727744013.007,63534.0,25.43000000000029,3.4403799999999998
1727744014.008,63528.0,25.43000000000029,1.900315
1727744015.008,63528.0,25.43000000000029,2.681665
1727744016.008,63527.0,25.43000000000029,4.66879
1727744017.007,63525.0,25.43000000000029,2.6543599999999996
1727744018.008,63524.0,25.43000000000029,4.65948
1727744019.007,63524.0,25.43000000000029,-1.66532
1727744020.008,63518.0,25.43000000000029,3.15334
1727744021.007,63517.0,25.43000000000029,5.19754
1727744022.007,63517.0,25.43000000000029,1.661797
1727744023.007,63516.0,25.43000000000029,1.697787
1727744024.008,63516.0,25.43000000000029,2.490997
1727744025.007,63515.0,25.43000000000029,5.30209
1727744026.007,63515.0,25.43000000000029,1.2432299999999998
1727744027.008,63515.0,25.43000000000029,0.47642000000000007
1727744028.007,63516.0,25.43000000000029,-2.31677
1727744029.008,63518.0,25.43000000000029,-6.28165
1727744030.007,63514.0,25.43000000000029,5.25263
1727744031.007,63513.0,25.43000000000029,3.6860600000000003
1727744032.007,63511.0,25.43000000000029,4.218389999999999
1727744033.008,63507.0,25.43000000000029,2.87329
1727744034.007,63506.0,25.43000000000029,1.3887
1727744035.008,63506.0,25.43000000000029,0.8361400000000003
1727744036.007,63506.0,25.43000000000029,0.8695199999999996
1727744037.009,63499.0,25.43000000000029,4.76645
1727744038.008,63497.0,25.43000000000029,1.1247699999999998
1727744039.007,63497.0,25.43000000000029,1.5236800000000001
1727744040.007,63492.0,25.409999999996217,-0.6413800000000003
1727744041.007,63491.0,25.410000000003492,4.143610000000001
1727744042.009,63489.0,25.409999999996217,4.352970000000001
1727744043.007,63489.0,25.409999999996217,5.53292
1727744044.008,63488.0,25.410000000003492,0.8457999999999999
1727744045.006,63488.0,25.410000000003492,0.01863999999999999
1727744046.008,63488.0,25.410000000003492,0.2766000000000002
1727744047.007,63488.0,25.410000000003492,-0.42867000000000033
1727744048.007,63488.0,25.410000000003492,-0.008770000000000167
1727744049.007,63488.0,25.410000000003492,-2.9817899999999997
1727744050.008,63490.0,25.410000000003492,-3.73787
1727744051.008,63494.0,25.409999999996217,-7.664321999999999
1727744052.007,63494.0,25.409999999996217,-7.857462000000001
1727744053.007,63495.0,25.409999999996217,-8.194102
1727744054.007,63495.0,25.409999999996217,-7.247122000000001
1727744055.008,63495.0,25.409999999996217,-9.317262000000001
1727744056.007,63495.0,25.409999999996217,-9.057412000000001
1727744057.008,63495.0,25.409999999996217,-6.984272
1727744058.007,63486.0,25.410000000003492,3.4812200000000004
1727744059.008,63484.0,25.410000000003492,2.38765
1727744060.008,63483.0,25.409999999996217,-1.625642
1727744061.008,63484.0,25.409999999996217,-2.148332
1727744062.007,63484.0,25.409999999996217,-1.1392620000000002
1727744063.007,63484.0,25.409999999996217,-1.523592
1727744064.007,63484.0,25.409999999996217,-2.153022
1727744065.007,63484.0,25.409999999996217,-2.311262
1727744066.008,63484.0,25.409999999996217,-1.3295219999999999
1727744067.007,63483.0,25.409999999996217,-3.0631900000000005
1727744068.008,63483.0,25.409999999996217,-2.986725
1727744069.007,63483.0,25.409999999996217,-2.438096
1727744070.008,63483.0,25.409999999996217,-2.9942349999999998
1727744071.01,63483.0,25.409999999996217,-2.9901020000000003
1727744072.008,63483.0,25.409999999996217,-2.991199
1727744073.008,63484.0,25.409999999996217,-3.3549569999999997
1727744074.008,63487.0,25.409999999996217,-5.378246
1727744075.007,63487.0,25.410000000003492,-9.867006
1727744076.007,63487.0,25.409999999996217,-14.252491000000001
1727744077.008,63489.0,25.409999999996217,-12.567832999999998
1727744078.007,63490.0,25.979999999995925,-26.16992
1727744079.007,63494.0,25.410000000003492,-11.976356000000001
1727744080.008,63494.0,25.410000000003492,-11.815613
1727744081.008,63492.0,25.410000000003492,-1.6616490000000002
1727744082.007,63492.0,25.410000000003492,-1.854873
1727744083.007,63492.0,25.410000000003492,-3.117335
1727744084.008,63494.0,25.410000000003492,-5.646644
1727744085.007,63494.0,25.410000000003492,-5.751180000000001
1727744086.008,63494.0,25.410000000003492,-5.032703
1727744087.007,63494.0,25.410000000003492,-6.6783719999999995
1727744088.008,63494.0,25.410000000003492,-7.222157
1727744089.007,63494.0,25.410000000003492,-5.736397999999999
1727744090.008,63494.0,25.410000000003492,-7.370615
1727744091.008,63498.0,25.44000000000233,-1.786206
1727744092.008,63507.0,25.43000000000029,-12.49289
1727744093.008,63508.0,25.43000000000029,-4.787838
1727744094.007,63506.0,25.43000000000029,-2.164424
1727744095.008,63506.0,25.43000000000029,-2.743754
1727744096.008,63506.0,25.43000000000029,-3.257618
1727744097.008,63508.0,25.43000000000029,-4.725746
1727744098.008,63508.0,25.43000000000029,-4.727297
1727744099.009,63511.0,25.43000000000029,-30.935662
1727744100.007,63513.0,25.43000000000029,-12.905583
1727744101.007,63518.0,25.43000000000029,-10.878781
1727744102.008,63519.0,25.43000000000029,-11.284315000000001
1727744103.007,63527.0,25.43000000000029,-18.463419
1727744104.008,63531.0,25.43000000000029,-9.918629
1727744105.007,63532.0,25.43000000000029,-10.778291
1727744106.008,63531.0,25.43000000000029,-10.976955
1727744107.007,63542.0,25.43000000000029,-10.51128
1727744108.007,63548.0,25.450000000004366,-8.22222
1727744109.007,63549.0,25.44999999999709,-9.540472
1727744110.008,63547.0,25.44999999999709,-2.8039150000000004
1727744111.008,63547.0,25.44999999999709,-2.80626
1727744112.007,63547.0,25.44999999999709,-2.782927
1727744113.007,63547.0,25.44999999999709,-3.904225
1727744114.007,63546.0,25.44999999999709,-1.6270149999999997
1727744115.007,63546.0,25.44999999999709,-1.6937459999999995
1727744116.007,63545.0,25.44999999999709,-1.272739
1727744117.008,63538.0,25.43000000000029,0.1397069999999998
1727744118.009,63535.0,25.43000000000029,-3.459928
1727744119.007,63535.0,25.43000000000029,-3.4599650000000004
1727744120.007,63536.0,25.43000000000029,-3.8558730000000003
1727744121.007,63534.0,25.43000000000029,-4.2707820000000005
1727744122.008,63534.0,25.43000000000029,-4.2285520000000005
1727744123.007,63533.0,25.43000000000029,-0.708113
1727744124.007,63526.0,25.43000000000029,-0.13785500000000006
1727744125.007,63526.0,25.43000000000029,-1.686308
1727744126.007,63528.0,25.43000000000029,-1.6078819999999998
1727744127.007,63528.0,25.43000000000029,-1.6832059999999998
1727744128.007,63528.0,25.43000000000029,-1.579291
1727744129.007,63528.0,25.43000000000029,-1.718027
1727744130.008,63528.0,25.43000000000029,-2.749594
1727744131.007,63528.0,25.43000000000029,-2.7138910000000003
1727744132.008,63528.0,25.43000000000029,-1.7526789999999999
1727744133.007,63528.0,25.43000000000029,-1.202838
1727744134.008,63528.0,25.43000000000029,-1.1977570000000002
1727744135.007,63528.0,25.43000000000029,-1.619297
1727744136.007,63528.0,25.43000000000029,0.14279300000000017
1727744137.008,63528.0,25.43000000000029,0.5120020000000003
1727744138.01,63526.0,25.43000000000029,2.140181
1727744139.008,63530.0,25.43000000000029,-4.096731
1727744140.008,63536.0,25.43000000000029,-6.562569
1727744141.008,63534.0,25.43000000000029,-3.064931
1727744142.008,63543.0,25.43000000000029,-24.565909
1727744143.007,63545.0,25.659999999996217,-10.119071
1727744144.007,63550.0,25.44999999999709,-11.861501
1727744145.007,63553.0,25.450000000004366,-11.591638999999999
1727744146.007,63556.0,25.450000000004366,-10.44744
1727744147.008,63557.0,25.450000000004366,-11.878774
1727744148.008,63563.0,25.450000000004366,-14.768258
1727744149.007,63563.0,25.450000000004366,-2.6220330000000005
1727744150.007,63561.0,25.450000000004366,-1.7888979999999997
1727744151.008,63558.0,25.450000000004366,3.205854
1727744152.008,63554.0,25.44999999999709,0.21026799999999968
1727744153.007,63554.0,25.44999999999709,1.637612
1727744154.007,63552.0,25.450000000004366,5.626056
1727744155.009,63544.0,25.429999999993015,4.78642
1727744156.008,63540.0,25.43000000000029,5.432867
1727744157.007,63540.0,25.43000000000029,5.591290000000001
1727744158.008,63535.0,25.43000000000029,1.5246320000000002
1727744159.008,63534.0,25.43000000000029,1.520605
1727744160.007,63534.0,25.43000000000029,1.586698
1727744161.008,63534.0,25.43000000000029,1.731111
1727744162.008,63532.0,25.43000000000029,1.7124570000000001
1727744163.008,63532.0,25.43000000000029,1.122839
1727744164.007,63531.0,25.43000000000029,3.502985
1727744165.008,63529.0,25.43000000000029,5.884137
1727744166.009,63529.0,25.43000000000029,-2.631831
1727744167.007,63542.0,25.43000000000029,-8.558479
1727744168.01,63543.0,25.43000000000029,-11.086227
1727744169.008,63543.0,25.43000000000029,-16.565215
1727744170.007,63544.0,25.43000000000029,-16.556753
1727744171.007,63544.0,25.43000000000029,-16.710071
1727744172.008,63549.0,25.450000000004366,-14.22469
1727744173.008,63549.0,25.450000000004366,-13.866169000000001
1727744174.007,63549.0,25.450000000004366,-14.723528
1727744175.007,63549.0,25.450000000004366,-14.819247
1727744176.007,63557.0,25.450000000004366,-11.228974000000001
1727744177.007,63567.0,25.44999999999709,-3.347024
1727744178.007,63567.0,25.44999999999709,-3.668513
1727744179.009,63566.0,25.44999999999709,-2.590932
1727744180.008,63568.0,25.44999999999709,-6.1161710000000005
1727744181.007,63572.0,25.44999999999709,-9.115687
1727744182.008,63574.0,25.450000000004366,-11.484839
1727744183.008,63581.0,25.450000000004366,-11.641211
1727744184.008,63587.0,25.450000000004366,-15.035603
1727744185.008,63590.0,25.44999999999709,-10.432406
1727744186.007,63590.0,25.44999999999709,-10.544224999999999
1727744187.007,63586.0,25.44999999999709,-0.06549400000000016
1727744188.008,63586.0,25.44999999999709,0.29333699999999996
1727744189.007,63586.0,25.44999999999709,-0.3862120000000002
1727744190.008,63586.0,25.44999999999709,-0.04513100000000003
1727744191.008,63586.0,25.44999999999709,1.2985000000000002
1727744192.009,63581.0,25.450000000004366,4.32604
1727744193.007,63579.0,25.44999999999709,1.09243
1727744194.007,63578.0,25.44999999999709,0.08013000000000003
1727744195.007,63578.0,25.44999999999709,-0.58152
1727744196.008,63578.0,25.44999999999709,-0.5623199999999999
1727744197.007,63580.0,25.44999999999709,-1.2749000000000001
1727744198.007,63580.0,25.44999999999709,-0.34431999999999996
1727744199.008,63578.0,25.44999999999709,1.47726
1727744200.007,63573.0,25.44999999999709,4.9852300000000005
1727744201.008,63568.0,25.44999999999709,3.39021
1727744202.007,63567.0,25.44999999999709,1.11666
1727744203.007,63565.0,25.44999999999709,4.73028
1727744204.008,63558.0,25.44999999999709,3.85069
1727744205.007,63557.0,25.450000000004366,5.477539999999999
1727744206.008,63557.0,25.450000000004366,0.6271
1727744207.007,63560.0,25.450000000004366,-3.9324399999999997
1727744208.007,63567.0,25.450000000004366,-11.732084
1727744209.007,63570.0,25.450000000004366,-10.39007
1727744210.008,63570.0,25.450000000004366,-9.66694
1727744211.007,63570.0,25.450000000004366,-10.03492
1727744212.007,63567.0,25.450000000004366,-2.35671
