ts,price,spread,size_spread
1727875998.007,60831,24.349999999998545,-3.40487
1727875999.007,60825,24.35000000000582,2.98286
1727876000.007,60825,24.35000000000582,2.8610599999999997
1727876001.008,60841,24.349999999998545,-2.18096
1727876002.007,60841,24.349999999998545,1.20512
1727876003.008,60823,24.349999999998545,5.612071
1727876004.008,60811,24.349999999998545,3.819595
1727876005.008,60807,24.349999999998545,3.1992549999999995
1727876006.007,60809,24.349999999998545,-5.20989
1727876007.007,60808,24.349999999998545,-0.5393999999999999
1727876008.007,60807,24.349999999998545,1.51051
1727876009.008,60807,24.349999999998545,1.59619
1727876010.008,60794,24.330000000001746,5.385166
1727876011.007,60793,24.330000000001746,4.001526
1727876012.009,60795,24.330000000001746,2.63022
1727876013.007,60795,24.330000000001746,0.32560999999999973
1727876014.008,60800,24.330000000001746,-2.019475
1727876015.008,60806,24.35000000000582,1.06082
1727876016.008,60812,24.349999999998545,-6.003891
1727876017.008,60819,24.349999999998545,-4.847122
1727876018.008,60819,24.349999999998545,-4.861652
1727876019.007,60819,24.35000000000582,1.8686500000000001
1727876020.007,60802,24.349999999998545,4.880032
1727876021.008,60796,24.330000000001746,7.55228
1727876022.008,60796,24.330000000001746,7.54956
1727876023.007,60783,24.330000000001746,1.60393
1727876024.008,60792,24.330000000001746,-1.34184
1727876025.008,60792,24.330000000001746,1.9129
1727876026.008,60787,24.330000000001746,4.197419999999999
1727876027.008,60776,24.330000000001746,5.811484
1727876028.007,60774,24.330000000001746,-5.65619
1727876029.008,60775,24.330000000001746,-3.07968
1727876030.007,60776,24.330000000001746,-2.62167
1727876031.008,60777,24.330000000001746,-5.859731
1727876032.007,60775,24.330000000001746,0.7532999999999999
1727876033.007,60772,24.330000000001746,-0.7000039999999998
1727876034.007,60771,24.330000000001746,-1.716831
1727876035.008,60776,24.330000000001746,-1.5471400000000002
1727876036.008,60777,24.330000000001746,-2.47577
1727876037.008,60778,24.330000000001746,-1.22213
1727876038.008,60778,24.330000000001746,-1.7364100000000002
1727876039.009,60770,24.330000000001746,1.1626699999999999
1727876040.007,60771,24.330000000001746,1.2093099999999999
1727876041.007,60770,24.330000000001746,0.6679200000000001
1727876042.008,60770,24.330000000001746,3.82398
1727876043.007,60767,24.330000000001746,-0.9088310000000002
1727876044.009,60756,24.330000000001746,5.1141440000000005
1727876045.007,60751,24.31999999999971,5.113428000000001
1727876046.007,60747,24.30999999999767,-2.56279
1727876047.009,60746,24.30999999999767,2.3146899999999997
1727876048.007,60744,24.30999999999767,3.0089699999999997
1727876049.007,60729,24.30999999999767,1.4519599999999997
1727876050.008,60726,24.30999999999767,0.06835000000000002
1727876051.007,60719,24.30999999999767,4.486206999999999
1727876052.008,60720,24.30999999999767,4.887307
1727876053.008,60737,24.30999999999767,-2.7618
1727876054.007,60735,24.30999999999767,2.40449
1727876055.008,60743,24.30999999999767,1.8307099999999998
1727876056.008,60737,24.310000000004948,3.138532
1727876057.008,60721,24.30999999999767,-0.030987000000000098
1727876058.008,60715,24.310000000004948,3.083988
1727876059.009,60712,24.310000000004948,5.115736
1727876060.007,60714,24.310000000004948,-1.6442229999999998
1727876061.008,60747,25.62999999999738,-0.7321799999999999
1727876062.009,60764,24.330000000001746,-3.5497300000000003
1727876063.007,60766,24.330000000001746,1.6370900000000002
1727876064.007,60769,24.32999999999447,4.24541
1727876065.007,60768,24.330000000001746,4.64296
1727876066.008,60764,24.330000000001746,3.92806
1727876067.008,60764,24.330000000001746,3.5131499999999996
1727876068.009,60777,24.330000000001746,-4.81252
1727876069.007,60788,24.330000000001746,-7.89347
1727876070.008,60796,24.32999999999447,-7.2499400000000005
1727876071.008,60814,24.349999999998545,-4.037369999999999
1727876072.007,60813,24.35000000000582,2.58262
1727876073.008,60814,24.35000000000582,2.56138
1727876074.007,60811,24.349999999998545,5.0704
1727876075.007,60788,24.32999999999447,0.76492
1727876076.007,60787,24.330000000001746,-4.65578
1727876077.007,60799,24.349999999998545,-4.90592
1727876078.007,60795,24.330000000001746,3.33
1727876079.007,60794,24.330000000001746,-1.15062
1727876080.008,60788,24.330000000001746,6.634911000000001
1727876081.008,60788,24.330000000001746,-1.320259
1727876082.007,60786,24.330000000001746,-3.1935149999999997
1727876083.007,60798,24.330000000001746,-5.811024
1727876084.008,60801,24.349999999998545,-0.9844970000000002
1727876085.008,60795,24.32999999999447,4.93239
1727876086.007,60794,24.330000000001746,-1.60644
1727876087.008,60794,24.32999999999447,1.6112799999999998
1727876088.007,60778,24.330000000001746,3.3575720000000002
1727876089.007,60775,24.330000000001746,-1.10157
1727876090.007,60774,24.330000000001746,-5.15948
1727876091.007,60769,24.330000000001746,3.680376
1727876092.008,60770,24.330000000001746,-4.79071
1727876093.009,60768,24.330000000001746,-8.228581
1727876094.008,60777,24.330000000001746,-5.902
1727876095.01,60791,24.330000000001746,-3.470126
1727876096.008,60796,24.330000000001746,0.11975999999999987
1727876097.007,60796,24.330000000001746,2.16724
1727876098.007,60794,24.330000000001746,2.17706
1727876099.01,60797,24.35000000000582,-2.25709
1727876100.008,60811,24.349999999998545,-6.777645
1727876101.008,60803,24.349999999998545,5.65682
1727876102.007,60784,24.330000000001746,3.9842799999999996
1727876103.008,60783,24.330000000001746,2.5179799999999997
1727876104.007,60785,24.330000000001746,-3.466007
1727876105.007,60797,24.340000000003783,5.037471
1727876106.008,60788,24.330000000001746,1.6786499999999998
1727876107.008,60774,24.330000000001746,4.633811
1727876108.007,60771,24.330000000001746,-1.415547
1727876109.01,60771,24.330000000001746,1.459429
1727876110.007,60764,24.330000000001746,-4.7106330000000005
1727876111.007,60768,24.330000000001746,1.5317770000000002
1727876112.008,60785,24.330000000001746,-1.574043
1727876113.007,60795,24.330000000001746,-3.4782469999999996
1727876114.007,60796,24.330000000001746,3.046568
1727876115.007,60801,24.349999999998545,-7.867866
1727876116.007,60822,24.349999999998545,-8.06487
1727876117.007,60828,24.349999999998545,-1.500804
1727876118.007,60828,24.349999999998545,-2.575555
1727876119.007,60833,24.35000000000582,-2.976069
1727876120.007,60828,24.349999999998545,5.394677
1727876121.009,60824,24.349999999998545,1.1729020000000001
1727876122.008,60830,24.35000000000582,-7.098955
1727876123.007,60838,24.349999999998545,-5.1811419999999995
1727876124.009,60839,24.349999999998545,-3.954651
1727876125.007,60839,24.349999999998545,-5.885561
1727876126.01,60841,24.35000000000582,5.176847
1727876127.008,60824,24.349999999998545,2.858378
1727876128.007,60817,24.349999999998545,6.501464
1727876129.009,60800,24.349999999998545,3.305808
1727876130.007,60797,24.330000000001746,1.363604
1727876131.008,60794,24.330000000001746,-1.1596410000000001
1727876132.007,60797,24.330000000001746,4.973915000000001
1727876133.008,60792,24.330000000001746,6.123426
1727876134.008,60778,24.330000000001746,4.107951
1727876135.007,60767,24.330000000001746,0.223611
1727876136.007,60758,24.330000000001746,7.285329
1727876137.008,60752,24.330000000001746,-2.0189449999999995
1727876138.007,60759,24.330000000001746,-2.694915
1727876139.008,60751,24.330000000001746,4.571149
1727876140.008,60752,24.330000000001746,-2.0455020000000004
1727876141.008,60743,24.310000000004948,-3.247452
1727876142.007,60743,24.310000000004948,-4.220264
1727876143.007,60741,24.310000000004948,5.048874
1727876144.007,60740,24.310000000004948,-2.331208
1727876145.007,60731,24.30999999999767,1.009762
1727876146.008,60729,24.30999999999767,3.695229
1727876147.01,60720,24.30999999999767,4.141186
1727876148.01,60731,24.310000000004948,-2.46727
1727876149.007,60736,24.310000000004948,-8.833223
1727876150.01,60729,24.30999999999767,1.276434
1727876151.007,60729,24.30999999999767,0.43256899999999976
1727876152.007,60718,24.30999999999767,5.615585
1727876153.007,60707,24.310000000004948,3.8371189999999995
1727876154.007,60708,24.310000000004948,-2.9059559999999998
1727876155.007,60746,24.30999999999767,0.6309179999999999
1727876156.007,60739,24.310000000004948,3.037432
1727876157.008,60732,24.310000000004948,2.125287
1727876158.007,60727,24.30999999999767,3.9767599999999996
1727876159.009,60720,24.310000000004948,-1.9931999999999999
1727876160.007,60719,24.310000000004948,-2.122555
1727876161.007,60719,24.310000000004948,-2.176649
1727876162.008,60732,24.30999999999767,-1.0952380000000002
1727876163.008,60741,24.310000000004948,-5.435175999999999
1727876164.008,60748,24.330000000001746,-1.159813
1727876165.007,60741,24.310000000004948,0.8347650000000002
1727876166.008,60744,24.310000000004948,-7.282367
1727876167.007,60740,24.310000000004948,-1.4284340000000002
1727876168.01,60747,24.30999999999767,-0.848273
1727876169.007,60746,24.30999999999767,0.7712490000000001
1727876170.008,60741,24.30999999999767,3.2714610000000004
1727876171.012,60738,24.310000000004948,3.153246
1727876172.009,60741,24.310000000004948,-4.124352
1727876173.007,60751,24.330000000001746,-8.886154
1727876174.007,60764,24.330000000001746,5.548491
1727876175.007,60768,24.330000000001746,-6.309639
1727876176.007,60761,24.330000000001746,2.397986
1727876177.008,60757,24.330000000001746,-0.2615669999999999
1727876178.008,60755,24.330000000001746,-4.155325
1727876179.007,60760,24.330000000001746,-7.064235
1727876180.007,60756,24.330000000001746,3.604496
1727876181.009,60737,24.310000000004948,3.454391
1727876182.007,60730,24.310000000004948,2.012057
1727876183.007,60727,24.310000000004948,-5.9615350000000005
1727876184.008,60723,24.30999999999767,1.5478170000000002
1727876185.008,60719,24.310000000004948,-0.8486319999999998
1727876186.007,60720,24.310000000004948,-4.871314999999999
1727876187.008,60719,24.310000000004948,-3.2164070000000002
1727876188.007,60739,24.310000000004948,-3.7929880000000002
1727876189.008,60741,24.310000000004948,-4.491486
1727876190.007,60722,24.30999999999767,3.872148
1727876191.007,60718,24.310000000004948,1.691049
1727876192.007,60719,24.310000000004948,-1.1078729999999999
1727876193.007,60719,24.310000000004948,-2.9723669999999993
1727876194.008,60719,24.310000000004948,-4.082482
1727876195.008,60718,24.310000000004948,4.683262
1727876196.009,60707,24.310000000004948,4.641172
1727876197.007,60712,24.310000000004948,-3.6447469999999997
1727876198.007,60715,24.30999999999767,-1.258337
1727876199.007,60711,24.30999999999767,-3.224438
1727876200.008,60714,24.310000000004948,-6.321079999999999
1727876201.008,60733,24.30999999999767,-3.3865629999999998
1727876202.007,60733,24.310000000004948,4.350975
1727876203.008,60725,24.310000000004948,0.3037139999999998
1727876204.008,60723,24.310000000004948,2.603505
1727876205.007,60723,24.310000000004948,-0.5081209999999998
1727876206.008,60725,24.30999999999767,-6.327277
1727876207.01,60737,24.310000000004948,-4.771124
1727876208.008,60740,24.310000000004948,-6.9272469999999995
1727876209.009,60745,24.310000000004948,-6.118021
1727876210.007,60734,24.310000000004948,2.372993
1727876211.008,60745,24.310000000004948,-5.627924
1727876212.008,60762,24.330000000001746,-3.884882
1727876213.008,60762,24.330000000001746,-0.8520029999999998
1727876214.007,60768,24.330000000001746,-6.2086619999999995
1727876215.008,60776,24.330000000001746,-6.390042
1727876216.007,60783,24.330000000001746,0.6789760000000002
1727876217.007,60780,24.330000000001746,7.501736999999999
1727876218.008,60776,24.330000000001746,-2.4443989999999998
1727876219.008,60777,24.330000000001746,-4.746912
1727876220.008,60775,24.330000000001746,0.44296499999999983
1727876221.008,60778,24.330000000001746,1.069991
1727876222.007,60795,24.330000000001746,-4.511786
1727876223.007,60797,24.330000000001746,0.05577600000000027
1727876224.007,60799,24.330000000001746,-5.172408
1727876225.007,60833,24.35000000000582,0.17268299999999992
1727876226.007,60842,24.349999999998545,-8.44012
1727876227.007,60847,24.349999999998545,-3.2207769999999996
1727876228.008,60831,24.35000000000582,1.7382469999999999
1727876229.008,60816,24.349999999998545,4.944731
1727876230.008,60808,24.349999999998545,2.7942960000000006
1727876231.008,60800,24.349999999998545,-0.29753099999999977
1727876232.007,60806,24.349999999998545,-1.594067
1727876233.007,60796,24.330000000001746,4.823722
1727876234.007,60787,24.330000000001746,-2.122873
1727876235.008,60781,24.330000000001746,7.352002000000001
1727876236.007,60768,24.330000000001746,0.606684
1727876237.007,60783,24.330000000001746,-4.435242
1727876238.007,60779,24.330000000001746,1.407321
1727876239.007,60774,24.330000000001746,-2.450027
1727876240.007,60779,24.330000000001746,-4.898898
1727876241.008,60770,24.330000000001746,2.360798
1727876242.008,60783,24.330000000001746,-4.625191999999999
1727876243.008,60779,24.330000000001746,0.4717920000000002
1727876244.007,60779,24.330000000001746,2.136214
1727876245.008,60787,24.330000000001746,-4.976794
1727876246.008,60785,24.330000000001746,-6.317043
1727876247.008,60794,24.330000000001746,-6.156376
1727876248.008,60790,24.330000000001746,3.665353
1727876249.007,60797,24.330000000001746,-6.198252
1727876250.009,60790,24.330000000001746,6.765346999999999
1727876251.007,60780,24.330000000001746,-0.972356
1727876252.008,60781,24.330000000001746,-0.7992150000000002
1727876253.007,60768,24.330000000001746,4.222676
1727876254.007,60761,24.330000000001746,4.049584
1727876255.007,60758,24.330000000001746,1.4921230000000003
1727876256.011,60748,24.310000000004948,7.465639
1727876257.007,60733,24.310000000004948,1.8182839999999998
1727876258.008,60731,24.30999999999767,-0.2163590000000002
1727876259.008,60730,24.30999999999767,0.09088199999999969
1727876260.007,60718,24.30999999999767,6.130054
1727876261.008,60715,24.30999999999767,2.398544
1727876262.007,60714,24.310000000004948,1.113649
1727876263.008,60711,24.30999999999767,-0.7810539999999999
1727876264.007,60709,24.30999999999767,0.6021869999999998
1727876265.008,60706,24.310000000004948,3.0433380000000003
1727876266.007,60702,24.310000000004948,-7.282522
1727876267.007,60708,24.310000000004948,1.176741
1727876268.007,60713,24.310000000004948,-6.5946810000000005
1727876269.006,60713,24.310000000004948,-4.293011
1727876270.008,60720,24.310000000004948,-8.776143000000001
1727876271.007,60716,24.310000000004948,2.0715700000000004
1727876272.009,60713,24.30999999999767,4.2046399999999995
1727876273.008,60707,24.310000000004948,1.912412
1727876274.007,60708,24.310000000004948,-5.363807
1727876275.008,60719,24.310000000004948,-10.116890999999999
1727876276.01,60705,24.310000000004948,5.200697
1727876277.008,60698,24.30999999999767,4.174511
1727876278.007,60660,24.290000000000873,4.25026
1727876279.008,60661,24.290000000000873,-4.439986
1727876280.007,60667,24.290000000000873,-1.6037400000000002
1727876281.008,60665,24.290000000000873,-1.72696
1727876282.011,60669,24.290000000000873,1.3461400000000001
1727876283.007,60671,24.290000000000873,-3.92126
1727876284.008,60687,24.290000000000873,7.455203000000001
1727876285.007,60673,24.290000000000873,2.70558
1727876286.008,60663,24.290000000000873,-0.39699799999999996
1727876287.008,60660,24.290000000000873,2.570385
1727876288.007,60661,24.290000000000873,-2.314195
1727876289.007,60665,24.290000000000873,5.75402
1727876290.007,60667,24.290000000000873,-4.04113
1727876291.008,60672,24.290000000000873,1.7971399999999997
1727876292.007,60677,24.290000000000873,-1.9849999999999999
1727876293.009,60672,24.290000000000873,4.24528
1727876294.007,60655,24.290000000000873,-1.6857600000000001
1727876295.007,60651,24.290000000000873,1.2756500000000002
1727876296.008,60650,24.290000000000873,0.05373000000000028
1727876297.006,60655,24.290000000000873,-0.4708100000000002
1727876298.008,60653,24.290000000000873,2.42752
1727876299.008,60650,24.290000000000873,4.67249
1727876300.008,60644,24.2699999999968,3.11105
1727876301.008,60643,24.2699999999968,-9.18503
1727876302.007,60645,24.270000000004075,1.4602
1727876303.008,60639,24.270000000004075,3.944423
1727876304.007,60626,24.270000000004075,0.7493199999999999
1727876305.007,60628,24.2699999999968,-2.93952
1727876306.007,60640,24.2699999999968,-0.5972999999999999
1727876307.007,60641,24.529999999998836,0.21253
1727876308.007,60624,24.2699999999968,4.209630000000001
1727876309.007,60604,24.2699999999968,-3.08987
1727876310.008,60600,24.260000000002037,-5.78756
1727876311.008,60610,24.2699999999968,-0.9901089999999999
1727876312.007,60617,24.270000000004075,2.5718900000000002
1727876313.007,60611,24.2699999999968,-2.140222
1727876314.007,60605,24.270000000004075,-3.8847
1727876315.007,60603,24.270000000004075,4.30303
1727876316.007,60600,24.260000000002037,-3.853984
1727876317.007,60599,24.260000000002037,0.2572959999999993
1727876318.007,60566,24.25,1.4094999999999998
1727876319.007,60566,24.25,0.14995000000000003
1727876320.007,60580,24.25,-3.111701
1727876321.008,60583,24.25,0.08340999999999998
1727876322.008,60586,24.25,-0.7922900000000002
1727876323.007,60586,24.25,-0.48219499999999993
1727876324.01,60587,24.25,1.4630490000000003
1727876325.007,60591,24.25,-3.967613
1727876326.008,60595,24.25,4.40739
1727876327.008,60594,24.25,-5.8150200000000005
1727876328.007,60596,24.25,1.70806
1727876329.008,60600,24.25,-5.69219
1727876330.007,60599,24.25,-2.146672
1727876331.008,60600,24.25,-0.6189719999999999
1727876332.007,60599,24.25,-0.002092000000000205
1727876333.007,60609,24.2699999999968,-5.261948
1727876334.008,60610,24.2699999999968,-0.22133800000000026
1727876335.01,60614,24.2699999999968,-1.574
1727876336.012,60620,24.2699999999968,-2.3934940000000005
1727876337.008,60624,24.2699999999968,-2.976665
1727876338.008,60629,24.270000000004075,-0.9525899999999998
1727876339.007,60630,24.270000000004075,-5.0172799999999995
1727876340.007,60638,24.2699999999968,-6.862803
1727876341.008,60639,24.2699999999968,-0.8824740000000002
1727876342.008,60614,24.2699999999968,2.450652
1727876343.007,60615,24.2699999999968,-1.9665479999999997
1727876344.007,60616,24.2699999999968,-1.4350180000000001
1727876345.009,60613,36.970000000001164,0.599642
1727876346.008,60590,24.25,-1.7959899999999998
1727876347.008,60594,24.25,0.26095999999999986
1727876348.009,60582,24.25,-2.27293
1727876349.008,60592,24.25,-1.20753
1727876350.008,60594,24.25,-2.92392
1727876351.007,60592,24.25,6.5553110000000006
1727876352.008,60612,24.2699999999968,-6.465213
1727876353.007,60613,24.2699999999968,1.2952059999999999
1727876354.007,60612,24.2699999999968,0.1539299999999999
1727876355.007,60600,24.2699999999968,3.14915
1727876356.008,60605,24.2699999999968,-5.967117
1727876357.007,60605,24.270000000004075,-1.54049
1727876358.007,60600,24.2699999999968,4.989421
1727876359.008,60593,24.25,5.435615
1727876360.008,60591,24.25,-4.10275
1727876361.008,60599,24.25,-1.0137699999999996
1727876362.007,60601,24.270000000004075,-2.49202
1727876363.007,60602,24.270000000004075,-3.0142999999999995
1727876364.008,60603,24.2699999999968,-6.549666
1727876365.008,60607,24.2699999999968,-4.452123
1727876366.008,60593,24.25,4.4052500000000006
1727876367.008,60588,24.25,3.080154
1727876368.008,60588,24.25,2.092154
1727876369.008,60585,24.25,3.10222
1727876370.007,60586,24.25,-4.809461
1727876371.007,60590,24.25,3.00945
1727876372.007,60590,24.25,0.5394999999999999
1727876373.007,60594,24.25,-3.72058
1727876374.008,60596,24.25,-7.686795
1727876375.007,60602,24.2699999999968,-6.516697
1727876376.008,60615,24.2699999999968,-4.586552999999999
1727876377.01,60608,24.2699999999968,-3.2303100000000002
1727876378.008,60606,24.2699999999968,1.8778800000000002
1727876379.007,60595,24.25,2.008853
1727876380.008,60592,24.25,-0.57883
1727876381.007,60593,24.660000000003492,-5.7763
1727876382.007,60603,24.270000000004075,-1.9173200000000001
1727876383.008,60599,24.25,2.876236
1727876384.007,60599,24.25,-5.33412
1727876385.007,60602,24.2699999999968,-1.922427
1727876386.007,60602,24.2699999999968,0.33698700000000015
1727876387.007,60598,24.25,3.318951
1727876388.008,60609,24.2699999999968,-5.052294
1727876389.008,60608,24.2699999999968,3.95014
1727876390.008,60606,24.2699999999968,3.86399
1727876391.007,60605,24.2699999999968,4.580101
1727876392.009,60595,24.25,1.8697489999999997
1727876393.007,60603,24.2699999999968,-4.75537
1727876394.008,60599,24.260000000002037,1.7165810000000001
1727876395.007,60600,24.260000000002037,-1.435089
1727876396.008,60600,24.260000000002037,1.3283209999999999
1727876397.009,60599,24.260000000002037,-0.215989
1727876398.008,60602,24.2699999999968,-2.08237
1727876399.008,60610,24.2699999999968,-3.367076
1727876400.007,60619,24.2699999999968,-2.9176
1727876401.008,60626,24.2699999999968,1.69021
1727876402.012,60616,24.2699999999968,2.317411
1727876403.008,60624,24.2699999999968,-1.9792299999999998
1727876404.007,60623,24.2699999999968,2.3662719999999995
1727876405.007,60624,24.270000000004075,0.3790199999999997
1727876406.008,60609,24.2699999999968,3.403345
1727876407.007,60600,24.260000000002037,4.11502
1727876408.008,60597,24.25,3.2591369999999995
1727876409.007,60605,24.2699999999968,-5.850532
1727876410.007,60604,24.2699999999968,3.569183
1727876411.007,60605,24.2699999999968,3.400841
1727876412.008,60595,24.25,5.787031
1727876413.007,60587,24.25,0.15203900000000026
1727876414.007,60599,24.25,-8.530320999999999
1727876415.007,60590,24.25,4.42676
1727876416.008,60591,24.25,-0.18408000000000002
1727876417.007,60594,24.25,2.84389
1727876418.007,60593,24.25,2.0811
1727876419.008,60600,24.25,1.739571
1727876420.008,60591,24.25,6.02837
1727876421.007,60594,24.25,-0.68587
1727876422.007,60601,24.25,-1.2705720000000003
1727876423.008,60606,24.2699999999968,-0.8778600000000001
1727876424.007,60613,24.2699999999968,-1.651101
1727876425.007,60619,24.2699999999968,-4.9936750000000005
1727876426.01,60628,24.2699999999968,-1.3409499999999999
1727876427.008,60632,24.2699999999968,-0.246133
1727876428.008,60630,24.2699999999968,-4.338523
1727876429.008,60633,24.2699999999968,-2.901161
1727876430.007,60653,24.290000000000873,-1.28888
1727876431.009,60659,24.290000000000873,2.6931279999999997
1727876432.007,60652,24.290000000000873,4.256994000000001
1727876433.007,60641,24.2699999999968,3.6811900000000004
1727876434.008,60629,24.2699999999968,1.45068
1727876435.009,60624,24.2699999999968,0.26871699999999965
1727876436.007,60626,24.2699999999968,-0.02961299999999989
1727876437.007,60627,24.2699999999968,-2.8282209999999997
1727876438.007,60631,24.270000000004075,-0.6269899999999997
1727876439.009,60630,24.270000000004075,3.35603
1727876440.007,60628,24.270000000004075,1.47334
1727876441.007,60628,24.270000000004075,0.47182999999999997
1727876442.006,60628,24.270000000004075,-3.11464
1727876443.008,60636,24.2699999999968,-4.324294
1727876444.007,60636,24.2699999999968,0.3354860000000002
1727876445.007,60637,24.2699999999968,0.1587200000000002
1727876446.008,60638,24.2699999999968,-0.46598000000000006
1727876447.007,60642,24.2699999999968,-2.518681
1727876448.007,60655,24.290000000000873,-2.467304
1727876449.008,60662,24.290000000000873,-2.6955030000000004
1727876450.007,60669,24.290000000000873,-0.470751
1727876451.007,60664,24.290000000000873,4.6997610000000005
1727876452.008,60663,24.290000000000873,-0.5487599999999999
1727876453.008,60669,24.290000000000873,-1.8173199999999998
1727876454.008,60674,24.290000000000873,-0.16620999999999997
1727876455.007,60675,24.290000000000873,-0.1777899999999999
1727876456.007,60679,24.290000000000873,2.4436600000000004
1727876457.007,60676,24.290000000000873,6.196999
1727876458.012,60673,24.290000000000873,5.701776
1727876459.009,60666,24.290000000000873,4.39187
1727876460.007,60662,24.290000000000873,5.572215
1727876461.012,60657,24.290000000000873,6.313544
1727876462.008,60656,24.290000000000873,4.557144
1727876463.007,60662,24.290000000000873,3.7932699999999997
1727876464.008,60662,24.290000000000873,3.8146899999999997
1727876465.007,60660,24.290000000000873,2.483596
1727876466.009,60659,24.290000000000873,2.85752
1727876467.008,60658,24.290000000000873,5.338964
1727876468.007,60642,24.2699999999968,5.011146
1727876469.007,60623,24.270000000004075,6.5558119999999995
1727876470.007,60613,24.2699999999968,0.6748800000000001
1727876471.007,60610,24.2699999999968,-0.34187999999999996
1727876472.009,60614,24.270000000004075,-2.37781
1727876473.008,60618,24.2699999999968,-2.08746
1727876474.008,60619,24.270000000004075,-3.42836
1727876475.007,60608,24.2699999999968,3.467169
1727876476.007,60617,24.2699999999968,-2.811772
1727876477.007,60628,24.2699999999968,-6.3081640000000005
1727876478.008,60612,24.2699999999968,1.884026
1727876479.007,60611,24.2699999999968,2.4447159999999997
1727876480.008,60615,24.2699999999968,-0.08733999999999997
1727876481.007,60629,24.270000000004075,-1.35308
1727876482.008,60637,24.2699999999968,-3.608692
1727876483.008,60633,24.2699999999968,6.11802
1727876484.007,60628,24.270000000004075,4.93471
1727876485.007,60611,24.2699999999968,4.959667
1727876486.007,60609,24.2699999999968,2.1682170000000003
1727876487.007,60611,24.2699999999968,0.0657770000000002
1727876488.008,60606,24.2699999999968,6.103646
1727876489.007,60602,24.2699999999968,6.1590620000000005
1727876490.007,60602,24.2699999999968,-1.3867
1727876491.008,60602,24.2699999999968,0.09331
1727876492.007,60601,24.2699999999968,0.4886299999999999
1727876493.007,60598,24.260000000002037,6.215833
1727876494.007,60586,24.25,2.66277
1727876495.007,60581,24.25,1.73603
1727876496.008,60582,24.25,-1.21901
1727876497.007,60592,24.25,-0.5435599999999998
1727876498.008,60593,24.25,-1.78865
1727876499.008,60598,24.25,-0.968771
1727876500.007,60600,24.25,-1.3145440000000002
1727876501.008,60604,24.2699999999968,-1.504175
1727876502.009,60602,24.2699999999968,2.638903
1727876503.007,60598,24.25,7.43673
1727876504.008,60598,24.25,7.3339300000000005
1727876505.007,60600,24.25,0.18134000000000006
1727876506.007,60592,24.25,5.548399999999999
1727876507.008,60591,24.25,6.79132
1727876508.007,60600,24.25,-3.7483379999999995
1727876509.007,60603,24.2699999999968,-4.467576
1727876510.008,60603,24.2699999999968,0.39206399999999997
1727876511.007,60592,24.25,6.74312
1727876512.007,60591,24.25,5.99979
1727876513.008,60591,24.25,4.25043
1727876514.007,60587,24.25,5.625927
1727876515.008,60585,24.25,3.92853
1727876516.007,60584,24.25,4.987906
1727876517.008,60584,24.25,6.766126
1727876518.008,60587,24.25,-2.4719810000000004
1727876519.007,60587,24.25,1.1722590000000002
1727876520.008,60585,24.25,-1.3501919999999998
1727876521.007,60585,24.25,-0.21489199999999986
1727876522.008,60586,24.25,-4.52899
1727876523.008,60599,24.25,-3.28865
1727876524.008,60594,24.25,2.1929870000000005
1727876525.007,60605,24.2699999999968,-2.34042
1727876526.008,60597,24.25,4.2137
1727876527.008,60583,24.25,-0.0047199999999998354
1727876528.007,60582,24.25,0.05298000000000025
1727876529.008,60587,24.25,-3.3716
1727876530.008,60596,24.25,0.1391
1727876531.008,60600,24.25,1.9225299999999996
1727876532.007,60604,24.2699999999968,0.4939610000000001
1727876533.007,60600,24.25,4.25314
1727876534.007,60592,24.25,1.8537880000000002
1727876535.007,60592,24.25,5.21618
1727876536.01,60591,24.25,4.59171
1727876537.008,60590,24.25,3.82073
1727876538.007,60588,24.25,5.518997000000001
1727876539.008,60589,24.25,1.7897070000000004
1727876540.007,60604,24.2699999999968,-3.414833
1727876541.007,60608,24.2699999999968,-2.014686
1727876542.007,60603,24.2699999999968,7.242789999999999
1727876543.007,60595,24.25,0.14132800000000012
1727876544.009,60595,24.25,-2.610171
1727876545.007,60600,24.25,-1.66391
1727876546.008,60601,24.2699999999968,3.0234129999999997
1727876547.01,60596,24.25,7.0383700000000005
1727876548.007,60601,24.25,-2.3639040000000002
1727876549.007,60617,24.2699999999968,-4.162689
1727876550.007,60624,24.2699999999968,-2.641642
1727876551.008,60630,24.2699999999968,-0.6501629999999998
1727876552.008,60634,24.2699999999968,-2.9303980000000003
1727876553.007,60638,24.2699999999968,-0.5386340000000001
1727876554.007,60641,24.2699999999968,2.1979480000000002
1727876555.008,60640,24.2699999999968,2.0564360000000006
1727876556.008,60642,24.2699999999968,-2.724751
1727876557.007,60659,24.290000000000873,2.49554
1727876558.009,60660,24.290000000000873,0.72918
1727876559.007,60656,24.290000000000873,-2.56558
1727876560.007,60657,24.290000000000873,-2.43533
1727876561.008,60651,24.2699999999968,4.856339999999999
1727876562.007,60658,24.290000000000873,2.1177
1727876563.008,60658,24.290000000000873,1.0514500000000002
1727876564.007,60659,24.290000000000873,-1.00948
1727876565.008,60662,24.290000000000873,-1.4541400000000002
1727876566.008,60658,24.290000000000873,7.010711000000001
1727876567.008,60655,24.290000000000873,7.498006
1727876568.008,60655,24.290000000000873,4.103136
1727876569.008,60650,24.279999999998836,4.931195
1727876570.007,60646,24.2699999999968,5.905234
1727876571.008,60640,24.270000000004075,5.69506
1727876572.008,60630,24.2699999999968,6.146504999999999
1727876573.007,60634,24.270000000004075,-2.86705
1727876574.008,60640,24.270000000004075,-1.2238699999999998
1727876575.007,60642,24.270000000004075,0.11051999999999995
1727876576.008,60642,24.270000000004075,2.25565
1727876577.007,60642,24.270000000004075,-0.048969999999999736
1727876578.007,60643,24.270000000004075,0.27326000000000006
1727876579.008,60640,24.2699999999968,5.956812
1727876580.008,60640,24.2699999999968,3.7650449999999998
1727876581.007,60629,24.2699999999968,4.13114
1727876582.007,60624,24.2699999999968,7.134638
1727876583.008,60615,24.2699999999968,5.356954
1727876584.007,60611,24.2699999999968,5.557834
1727876585.008,60601,24.260000000002037,6.192181
1727876586.007,60579,24.25,6.092431
1727876587.007,60580,24.25,0.2934409999999996
1727876588.008,60579,24.25,-0.7392079999999996
1727876589.007,60588,24.25,1.24864
1727876590.009,60587,24.25,3.2554
1727876591.008,60587,24.25,2.86408
1727876592.008,60583,24.25,6.399713
1727876593.007,60583,24.25,5.931909
1727876594.008,60569,24.25,1.1770110000000003
1727876595.007,60577,24.25,0.2051400000000001
1727876596.007,60578,24.25,-2.30031
1727876597.008,60587,24.25,0.46945900000000007
1727876598.007,60601,24.25,-2.5786770000000003
1727876599.007,60605,24.2699999999968,0.49242600000000003
1727876600.007,60602,24.2699999999968,5.173833999999999
1727876601.007,60604,24.270000000004075,-3.41261
1727876602.007,60599,24.25,4.26984
1727876603.008,60592,24.25,5.391641
1727876604.007,60588,24.25,3.605905
1727876605.008,60587,24.25,3.9489150000000004
1727876606.007,60585,24.25,7.520291
1727876607.008,60583,24.25,5.966141
1727876608.008,60585,24.25,-0.407508
1727876609.008,60586,24.25,-0.15055799999999997
1727876610.007,60581,24.25,3.1284549999999998
1727876611.007,60591,24.25,-2.01069
1727876612.007,60600,24.25,-1.619521
1727876613.007,60618,24.270000000004075,-2.2790999999999997
1727876614.007,60623,24.2699999999968,0.879955
1727876615.008,60638,24.2699999999968,-0.9342710000000001
1727876616.008,60649,24.2699999999968,1.421633
1727876617.007,60651,24.2699999999968,-2.132047
1727876618.007,60652,24.2699999999968,-4.822687
1727876619.009,60660,24.290000000000873,0.88015
1727876620.008,60664,24.290000000000873,0.2778139999999998
1727876621.007,60662,24.290000000000873,3.931107
1727876622.008,60661,24.290000000000873,5.502317000000001
1727876623.01,60651,24.290000000000873,4.99049
1727876624.007,60651,24.270000000004075,-3.72026
1727876625.007,60654,24.290000000000873,2.09992
1727876626.009,60654,24.290000000000873,1.24787
1727876627.007,60654,24.290000000000873,1.0309899999999999
1727876628.008,60649,24.2699999999968,-1.29679
1727876629.008,60649,24.2699999999968,-0.14251999999999998
1727876630.008,60649,24.2699999999968,1.6870570000000003
1727876631.008,60642,24.2699999999968,-1.276943
1727876632.007,60646,24.270000000004075,2.33537
1727876633.007,60642,24.2699999999968,7.47802
1727876634.007,60638,24.2699999999968,3.60178
1727876635.007,60635,24.270000000004075,5.34603
1727876636.008,60632,24.2699999999968,-1.2973569999999999
1727876637.007,60647,24.2699999999968,-1.9581499999999998
1727876638.008,60639,24.2699999999968,5.158479
1727876639.007,60636,24.2699999999968,4.66301
1727876640.009,60635,24.270000000004075,4.29803
1727876641.007,60629,24.2699999999968,0.49851
1727876642.009,60631,24.270000000004075,1.0595500000000002
1727876643.007,60634,24.270000000004075,0.21385999999999994
1727876644.008,60633,24.2699999999968,-1.6971
1727876645.008,60652,24.290000000000873,0.519135
1727876646.007,60643,24.2699999999968,1.64955
1727876647.007,60646,24.2699999999968,2.0923089999999998
1727876648.007,60651,24.2699999999968,-3.523841
1727876649.007,60666,24.290000000000873,-1.839343
1727876650.008,60674,24.290000000000873,1.113486
1727876651.007,60675,24.290000000000873,3.5633399999999993
1727876652.008,60675,24.290000000000873,1.08308
1727876653.007,60679,24.290000000000873,-3.37859
1727876654.008,60692,24.290000000000873,0.7721400000000003
1727876655.006,60684,24.290000000000873,4.4019710000000005
1727876656.007,60684,24.290000000000873,2.4184740000000002
1727876657.007,60698,24.290000000000873,-1.316368
1727876658.007,60702,24.290000000000873,-3.280271
1727876659.007,60702,24.290000000000873,-0.6855010000000001
1727876660.008,60701,24.290000000000873,-2.5485110000000004
1727876661.008,60705,24.30999999999767,-8.579379999999999
1727876662.007,60717,24.30999999999767,0.7718389999999999
1727876663.009,60723,24.310000000004948,-4.89222
1727876664.008,60741,24.310000000004948,-1.17147
1727876665.008,60750,24.30999999999767,-1.91551
1727876666.007,60755,24.330000000001746,-5.0662780000000005
1727876667.008,60755,24.330000000001746,-0.39980799999999994
1727876668.007,60760,24.330000000001746,-5.441974
1727876669.009,60748,24.310000000004948,4.914971
1727876670.007,60749,24.30999999999767,4.87362
1727876671.008,60743,24.310000000004948,2.427606
1727876672.007,60743,24.310000000004948,0.623726
1727876673.007,60748,24.30999999999767,0.17473000000000005
1727876674.008,60749,24.30999999999767,0.4618
1727876675.008,60738,24.310000000004948,5.9683459999999995
1727876676.008,60734,24.310000000004948,1.1233160000000004
1727876677.008,60737,24.310000000004948,-2.9890739999999996
1727876678.008,60731,24.310000000004948,0.7602599999999999
1727876679.007,60718,24.310000000004948,7.212773
1727876680.008,60707,24.30999999999767,1.02078
1727876681.007,60707,24.30999999999767,1.5837899999999998
1727876682.007,60707,24.30999999999767,2.09148
1727876683.008,60719,24.310000000004948,-3.5912710000000003
1727876684.007,60723,24.310000000004948,-4.32452
1727876685.008,60728,24.30999999999767,1.14806
1727876686.007,60727,24.310000000004948,5.773022
1727876687.008,60727,24.310000000004948,6.339086
1727876688.008,60718,24.310000000004948,1.5205199999999999
1727876689.007,60717,24.310000000004948,2.093191
1727876690.008,60717,24.310000000004948,2.2284610000000002
1727876691.007,60706,24.310000000004948,5.744325000000001
1727876692.007,60705,24.310000000004948,4.9065449999999995
1727876693.008,60705,24.310000000004948,1.087865
1727876694.008,60706,24.310000000004948,-1.047865
1727876695.007,60708,24.310000000004948,1.7688700000000002
1727876696.009,60708,24.310000000004948,2.03557
1727876697.007,60708,24.310000000004948,1.4374199999999997
1727876698.007,60704,24.310000000004948,-1.3049269999999997
1727876699.008,60704,24.310000000004948,0.6542330000000001
1727876700.008,60704,24.310000000004948,2.893183
1727876701.008,60699,24.290000000000873,0.30878000000000005
1727876702.009,60718,24.310000000004948,-4.024815
1727876703.007,60717,24.310000000004948,6.64531
1727876704.007,60704,24.310000000004948,0.050447999999999826
1727876705.007,60696,24.289999999993597,4.077548999999999
1727876706.007,60708,24.310000000004948,-3.199843
1727876707.008,60737,24.30999999999767,-4.001007
1727876708.009,60755,24.330000000001746,-5.7454030000000005
1727876709.007,60765,24.330000000001746,-1.2085
1727876710.014,60774,24.330000000001746,3.4010999999999996
1727876711.007,60778,24.330000000001746,-1.3696700000000002
1727876712.007,60784,24.330000000001746,-2.386236
1727876713.008,60790,24.330000000001746,0.11443000000000003
1727876714.007,60788,24.330000000001746,1.85471
1727876715.007,60787,24.330000000001746,2.51562
1727876716.008,60783,24.330000000001746,-2.49618
1727876717.008,60780,24.330000000001746,1.229771
1727876718.01,60789,24.32999999999447,0.61425
1727876719.008,60789,24.330000000001746,-0.99871
1727876720.007,60798,24.330000000001746,-0.8557700000000001
1727876721.008,60798,24.330000000001746,-4.48982
1727876722.007,60795,24.330000000001746,3.95636
1727876723.007,60780,24.330000000001746,1.4300799999999998
1727876724.008,60788,24.330000000001746,-3.8065510000000002
1727876725.007,60790,24.330000000001746,2.580659
1727876726.007,60782,24.330000000001746,7.193036
1727876727.007,60784,24.330000000001746,-0.4824710000000003
1727876728.008,60779,24.330000000001746,-1.95716
1727876729.008,60780,24.330000000001746,2.644431
1727876730.007,60784,24.330000000001746,2.31588
1727876731.008,60787,24.330000000001746,-2.6191910000000003
1727876732.009,60786,24.330000000001746,-1.1306219999999998
1727876733.008,60797,24.330000000001746,-3.554671
1727876734.007,60798,24.330000000001746,-3.5006890000000004
1727876735.008,60798,24.330000000001746,1.7199200000000001
1727876736.007,60799,24.330000000001746,-0.4115599999999997
1727876737.007,60806,24.349999999998545,-3.374016
1727876738.007,60810,24.349999999998545,-0.2188000000000001
1727876739.008,60820,24.349999999998545,0.23870999999999976
1727876740.007,60816,24.349999999998545,5.51277
1727876741.008,60816,24.349999999998545,4.77302
1727876742.008,60816,24.349999999998545,5.8962699999999995
1727876743.008,60806,24.349999999998545,-0.1384590000000001
1727876744.007,60805,24.349999999998545,4.9293830000000005
1727876745.007,60801,24.349999999998545,3.087252
1727876746.008,60797,24.330000000001746,-2.8290200000000003
1727876747.007,60785,24.330000000001746,5.778424
1727876748.011,60786,24.330000000001746,-4.00569
1727876749.008,60787,24.330000000001746,-3.537417
1727876750.007,60787,24.330000000001746,0.2895910000000006
1727876751.007,60784,24.330000000001746,1.224622
1727876752.008,60775,24.330000000001746,0.579488
1727876753.008,60769,24.330000000001746,3.836041
1727876754.007,60766,24.330000000001746,-2.260848
1727876755.008,60765,24.330000000001746,1.875942
1727876756.008,60765,24.32999999999447,-0.89266
1727876757.007,60765,24.330000000001746,-4.052411
1727876758.008,60779,24.330000000001746,2.84688
1727876759.008,60770,24.330000000001746,2.06716
1727876760.007,60765,24.330000000001746,2.30818
1727876761.008,60756,24.330000000001746,5.606955
1727876762.007,60736,24.310000000004948,5.616243
1727876763.008,60729,24.310000000004948,0.7247129999999999
1727876764.007,60729,24.310000000004948,3.157473
1727876765.007,60738,24.310000000004948,-4.091246
1727876766.007,60744,24.30999999999767,-1.74291
1727876767.008,60750,24.330000000001746,-7.1407099999999994
1727876768.007,60751,24.330000000001746,-0.8490499999999996
1727876769.007,60749,24.30999999999767,0.25669
1727876770.007,60739,24.30999999999767,-4.88475
1727876771.008,60751,24.330000000001746,-7.1119200000000005
1727876772.008,60775,24.330000000001746,-0.39381
1727876773.008,60780,24.330000000001746,-3.4112799999999996
1727876774.007,60777,24.330000000001746,1.044304
1727876775.008,60778,24.330000000001746,-3.259061
1727876776.007,60783,24.330000000001746,-4.78635
1727876777.009,60802,24.35000000000582,-5.062679999999999
1727876778.007,60811,24.349999999998545,-2.574516
1727876779.008,60822,24.349999999998545,-5.2903519999999995
1727876780.008,60829,24.349999999998545,0.8373279999999999
1727876781.007,60829,24.349999999998545,0.5954380000000001
1727876782.008,60808,24.35000000000582,-1.95797
1727876783.008,60815,24.349999999998545,-5.177656
1727876784.008,60829,24.349999999998545,-4.7462599999999995
1727876785.01,60834,24.349999999998545,-7.445624
1727876786.008,60839,24.349999999998545,-6.391965
1727876787.007,60838,24.349999999998545,-4.6680969999999995
1727876788.007,60833,24.349999999998545,-1.5221
1727876789.007,60838,24.349999999998545,-3.8056680000000003
1727876790.007,60861,24.37000000000262,-5.622194
1727876791.007,60865,24.37000000000262,-4.0873859999999995
1727876792.007,60872,24.37000000000262,0.8794500000000001
1727876793.008,60870,24.37000000000262,-0.6840100000000002
1727876794.008,60866,24.37000000000262,1.907783
1727876795.008,60879,24.37000000000262,-3.640332
1727876796.007,60882,24.37000000000262,-1.06103
1727876797.009,60884,24.37000000000262,-3.8825200000000004
1727876798.008,60881,24.37000000000262,2.2334129999999996
1727876799.007,60872,24.369999999995343,4.136362999999999
1727876800.008,60885,24.37000000000262,-4.54865
1727876801.007,60880,24.37000000000262,3.6164009999999998
1727876802.007,60897,24.389999999999418,9.466199
1727876803.008,60907,24.389999999999418,-5.01887
1727876804.007,60907,24.389999999999418,-4.06621
1727876805.007,60932,24.389999999999418,-0.02518700000000007
1727876806.008,60933,24.389999999999418,-0.18037999999999998
1727876807.007,60938,24.389999999999418,0.4699230000000001
1727876808.009,60938,24.389999999999418,1.9935230000000002
1727876809.008,60930,24.389999999999418,2.0763100000000003
1727876810.007,60931,24.389999999999418,4.87246
1727876811.009,60927,24.389999999999418,-2.5440869999999998
1727876812.008,60938,24.389999999999418,-4.966709
1727876813.007,60935,24.389999999999418,-1.4523580000000003
1727876814.007,60937,24.389999999999418,2.7889500000000003
1727876815.007,60925,24.389999999999418,3.007814
1727876816.007,60920,24.389999999999418,6.262878000000001
1727876817.007,60911,24.389999999999418,-7.769461
1727876818.008,60916,24.389999999999418,-0.6747799999999997
1727876819.007,60912,24.389999999999418,3.6816
1727876820.008,60917,24.389999999999418,-0.28987000000000007
1727876821.008,60915,24.389999999999418,2.348069
1727876822.008,60919,24.389999999999418,-6.105695
1727876823.007,60925,24.389999999999418,-1.2335249999999998
1727876824.007,60924,24.389999999999418,-6.227232000000001
1727876825.007,60934,24.389999999999418,-0.15033999999999992
1727876826.008,60936,24.389999999999418,-6.891806000000001
1727876827.007,60941,24.389999999999418,5.219046
1727876828.007,60938,24.389999999999418,5.0872910000000005
1727876829.008,60939,24.389999999999418,0.12089099999999986
1727876830.007,60938,24.389999999999418,-1.104999
1727876831.007,60949,24.389999999999418,-5.3022540000000005
1727876832.007,60964,24.409999999996217,-1.2042590000000002
1727876833.007,60967,24.409999999996217,-2.596063
1727876834.007,60980,24.409999999996217,-3.430803
1727876835.008,60998,24.409999999996217,-3.3601980000000005
1727876836.008,61009,24.43000000000029,-1.24988
1727876837.007,61006,24.43000000000029,0.72574
1727876838.007,60997,24.409999999996217,5.752044
1727876839.008,60978,24.409999999996217,4.236399
1727876840.008,60978,24.409999999996217,-0.2816510000000001
1727876841.008,60976,24.409999999996217,4.21478
1727876842.007,60982,24.410000000003492,-3.4459600000000004
1727876843.007,60989,24.410000000003492,0.5905
1727876844.007,60976,24.410000000003492,-1.4128699999999998
1727876845.009,60978,24.409999999996217,0.2772899999999998
1727876846.008,60998,24.409999999996217,-3.4557849999999997
1727876847.008,60999,24.409999999996217,-0.09075500000000014
1727876848.007,60997,24.409999999996217,1.467065
1727876849.008,61000,24.43000000000029,-2.0546439999999997
1727876850.007,61010,24.43000000000029,-2.64319
1727876851.008,61019,24.43000000000029,-2.66497
1727876852.008,61021,24.43000000000029,0.15886900000000015
1727876853.007,61017,24.43000000000029,4.00514
1727876854.007,61000,24.43000000000029,-5.350639999999999
1727876855.008,60998,24.409999999996217,-2.06217
1727876856.007,60997,24.409999999996217,0.6308420000000003
1727876857.009,60998,24.409999999996217,0.007881999999999945
1727876858.009,61014,24.43000000000029,-3.65086
1727876859.007,61011,24.43000000000029,3.53364
1727876860.007,61002,24.43000000000029,3.549741
1727876861.007,61000,24.43000000000029,-4.962831
1727876862.007,61014,24.43000000000029,1.8854600000000001
1727876863.007,61013,24.43000000000029,0.5654300000000001
1727876864.008,61016,24.43000000000029,2.19162
1727876865.007,61014,24.43000000000029,1.1341900000000003
1727876866.008,61018,24.43000000000029,-0.3455600000000003
1727876867.007,61017,24.43000000000029,2.97433
1727876868.007,61016,24.43000000000029,3.69056
1727876869.009,61006,24.43000000000029,-2.0113200000000004
1727876870.007,61018,24.43000000000029,1.54893
1727876871.008,61025,24.43000000000029,-6.0636529999999995
1727876872.007,61030,24.43000000000029,-6.119379
1727876873.008,61041,24.43000000000029,-2.4219399999999998
1727876874.007,61046,24.43000000000029,-4.90071
1727876875.007,61064,24.44999999999709,1.5263200000000001
1727876876.008,61061,24.44999999999709,-1.35247
1727876877.007,61072,24.450000000004366,5.8403410000000004
1727876878.007,61072,24.450000000004366,-0.3302290000000001
1727876879.01,61078,24.450000000004366,0.6426690000000002
1727876880.007,61081,24.450000000004366,-3.64926
1727876881.012,61117,24.470000000001164,-1.4909520000000003
1727876882.009,61120,24.470000000001164,-3.015542
1727876883.007,61129,24.470000000001164,1.35246
1727876884.007,61127,24.470000000001164,1.76094
1727876885.007,61132,24.470000000001164,0.32678000000000007
1727876886.009,61124,24.470000000001164,1.0047200000000003
1727876887.007,61113,24.470000000001164,3.385644
1727876888.007,61123,24.470000000001164,-1.2425100000000002
1727876889.007,61133,24.469999999993888,0.2473399999999999
1727876890.007,61115,24.470000000001164,4.555089
1727876891.007,61110,24.470000000001164,-2.141796
1727876892.007,61129,24.470000000001164,-4.7661299999999995
1727876893.007,61125,24.470000000001164,2.5306
1727876894.009,61129,24.470000000001164,-2.592
1727876895.009,61130,24.470000000001164,2.36085
1727876896.007,61125,24.470000000001164,-4.01409
1727876897.007,61145,24.470000000001164,-0.707703
1727876898.008,61158,24.489999999997963,-1.6591179999999999
1727876899.007,61178,24.489999999997963,0.03516700000000017
1727876900.007,61173,24.49000000000524,2.3961300000000003
1727876901.007,61168,24.489999999997963,6.868729999999999
1727876902.007,61169,24.489999999997963,-3.78602
1727876903.008,61188,24.489999999997963,-4.56189
1727876904.009,61191,24.49000000000524,-0.35451999999999995
1727876905.007,61190,24.489999999997963,0.2873700000000001
1727876906.007,61174,24.970000000001164,0.34731
1727876907.008,61154,24.489999999997963,4.10109
1727876908.007,61158,24.489999999997963,-3.62704
1727876909.007,61160,24.489999999997963,-3.25563
1727876910.007,61147,24.470000000001164,2.798238
1727876911.007,61143,24.470000000001164,-1.93628
1727876912.007,61155,24.489999999997963,-1.628644
1727876913.007,61156,24.49000000000524,-1.60906
1727876914.007,61163,24.489999999997963,-1.20993
1727876915.009,61179,24.489999999997963,-3.0312
1727876916.008,61176,24.489999999997963,1.2313399999999999
1727876917.007,61168,24.489999999997963,4.499655000000001
1727876918.008,61171,24.489999999997963,-3.30512
1727876919.007,61176,24.489999999997963,-2.8714820000000003
1727876920.008,61167,24.489999999997963,3.0673529999999998
1727876921.008,61151,24.489999999997963,0.49286200000000013
1727876922.009,61155,24.489999999997963,-0.3438049999999997
1727876923.008,61153,24.489999999997963,-3.71423
1727876924.008,61156,24.489999999997963,-3.3015
1727876925.007,61168,24.489999999997963,-2.653025
1727876926.007,61171,24.489999999997963,-6.094873
1727876927.008,61177,24.489999999997963,0.52136
1727876928.007,61176,24.489999999997963,0.254
1727876929.007,61182,25.089999999996508,-0.50828
1727876930.008,61187,24.489999999997963,1.825733
1727876931.008,61188,24.489999999997963,-3.2861069999999994
1727876932.008,61192,24.49000000000524,-3.03978
1727876933.007,61186,24.489999999997963,0.15288099999999982
1727876934.009,61194,24.489999999997963,0.22324999999999973
1727876935.008,61187,24.489999999997963,3.8463019999999997
1727876936.009,61188,24.489999999997963,-5.343279
1727876937.009,61187,24.489999999997963,-2.43853
1727876938.007,61182,24.489999999997963,1.07429
1727876939.007,61171,24.489999999997963,5.597048
1727876940.007,61173,24.489999999997963,0.336951
1727876941.008,61165,24.489999999997963,4.2597499999999995
1727876942.008,61160,24.489999999997963,5.713967
1727876943.007,61189,24.489999999997963,-3.780683
1727876944.008,61208,24.50999999999476,-1.64288
1727876945.007,61204,24.50999999999476,2.4341
1727876946.01,61214,24.510000000002037,-7.177962
1727876947.009,61221,24.50999999999476,2.2906199999999997
1727876948.008,61216,24.510000000002037,1.3727500000000001
1727876949.008,61209,24.50999999999476,4.11324
1727876950.007,61199,24.5,4.522531
1727876951.008,61185,24.489999999997963,4.15866
1727876952.008,61172,24.489999999997963,2.5071909999999997
1727876953.007,61178,24.489999999997963,-4.543991
1727876954.009,61195,24.489999999997963,-5.910407999999999
1727876955.007,61211,24.510000000002037,-7.56431
1727876956.009,61215,24.50999999999476,-3.56009
1727876957.007,61220,24.510000000002037,-7.102321
1727876958.008,61218,24.510000000002037,2.12154
1727876959.008,61215,24.510000000002037,0.5680699999999999
1727876960.008,61218,24.510000000002037,3.26277
1727876961.008,61208,24.510000000002037,5.070939999999999
1727876962.009,61203,24.510000000002037,5.25465
1727876963.007,61202,24.510000000002037,0.8127099999999999
1727876964.008,61206,24.510000000002037,-1.668771
1727876965.008,61209,24.50999999999476,-4.04659
1727876966.008,61204,24.510000000002037,-3.00557
1727876967.007,61181,24.489999999997963,1.142179
1727876968.009,61179,24.49000000000524,-2.1350300000000004
1727876969.008,61177,24.489999999997963,1.3619340000000002
1727876970.008,61164,24.489999999997963,-0.672806
1727876971.008,61165,24.49000000000524,-1.63554
1727876972.008,61164,24.489999999997963,-4.8234900000000005
1727876973.007,61172,24.489999999997963,0.5018859999999998
1727876974.007,61174,24.489999999997963,-2.007574
1727876975.007,61177,24.49000000000524,4.19048
1727876976.007,61175,24.489999999997963,-1.36036
1727876977.008,61183,24.489999999997963,-0.8308819999999999
1727876978.007,61182,24.489999999997963,-4.80281
1727876979.011,61182,24.49000000000524,3.42484
1727876980.009,61174,24.489999999997963,1.26435
1727876981.007,61169,24.489999999997963,0.3110439999999999
1727876982.007,61187,24.489999999997963,-2.419302
1727876983.007,61184,24.489999999997963,0.0674999999999999
1727876984.008,61184,24.489999999997963,0.005530000000000035
1727876985.007,61187,24.489999999997963,-2.718627
1727876986.011,61186,24.489999999997963,-2.583747
1727876987.008,61203,24.510000000002037,-4.6742420000000005
1727876988.008,61202,24.510000000002037,2.40588
1727876989.008,61200,24.510000000002037,2.83607
1727876990.009,61197,24.489999999997963,0.4611400000000001
1727876991.007,61200,24.510000000002037,-3.96407
1727876992.009,61203,24.510000000002037,-1.855344
1727876993.009,61202,24.510000000002037,2.785472
1727876994.008,61196,24.489999999997963,1.4046319999999999
1727876995.007,61199,24.50999999999476,-3.21725
1727876996.007,61196,24.489999999997963,-1.495556
1727876997.008,61187,24.489999999997963,-0.3706100000000001
1727876998.007,61187,24.489999999997963,1.24781
1727876999.009,61182,24.489999999997963,-2.6759299999999997
1727877000.007,61187,24.49000000000524,-0.47835000000000005
1727877001.008,61206,24.510000000002037,-3.573
1727877002.008,61218,24.510000000002037,-5.370705
1727877003.008,61215,24.510000000002037,0.50671
1727877004.007,61219,24.50999999999476,4.578720000000001
1727877005.009,61219,24.510000000002037,-1.7113209999999999
1727877006.008,61227,24.50999999999476,3.2228
1727877007.007,61223,24.510000000002037,1.5443799999999999
1727877008.008,61216,24.510000000002037,3.67514
1727877009.007,61211,24.510000000002037,-6.12512
1727877010.008,61218,24.510000000002037,-4.3711899999999995
1727877011.008,61195,24.489999999997963,1.538823
1727877012.008,61187,24.489999999997963,2.5809120000000005
1727877013.007,61181,24.489999999997963,4.2108099999999995
1727877014.012,61179,24.489999999997963,4.867742
1727877015.008,61190,24.489999999997963,-4.3880609999999995
1727877016.008,61192,24.489999999997963,5.3801
1727877017.009,61177,24.489999999997963,5.615405
1727877018.007,61179,24.489999999997963,-2.371025
1727877019.008,61185,24.49000000000524,-0.6338099999999998
1727877020.008,61186,24.49000000000524,-0.009379999999999944
1727877021.007,61187,24.49000000000524,-0.9759499999999999
1727877022.008,61201,24.510000000002037,-1.247583
1727877023.008,61210,24.510000000002037,0.8848510000000003
1727877024.007,61212,24.510000000002037,-2.171389
1727877025.009,61210,24.510000000002037,0.6762710000000001
1727877026.008,61214,24.510000000002037,-3.7087139999999996
1727877027.006,61220,24.510000000002037,0.7219099999999999
1727877028.007,61204,24.510000000002037,3.12714
1727877029.008,61205,24.510000000002037,-4.18092
1727877030.007,61215,24.510000000002037,-1.1854799999999996
1727877031.008,61221,24.510000000002037,-4.505639
1727877032.008,61227,24.510000000002037,-0.3698520000000003
1727877033.007,61227,24.510000000002037,-1.094112
1727877034.01,61230,24.50999999999476,-1.6169900000000001
1727877035.008,61234,24.510000000002037,-0.47626999999999997
1727877036.007,61258,24.529999999998836,0.39395999999999987
1727877037.007,61265,24.529999999998836,-2.4311499999999997
1727877038.008,61262,24.529999999998836,-5.43959
1727877039.007,61264,24.529999999998836,0.6220300000000001
1727877040.007,61253,25.12999999999738,0.36611
1727877041.008,61239,24.510000000002037,0.3180999999999998
1727877042.008,61239,24.510000000002037,1.2273200000000002
1727877043.01,61239,25.479999999995925,0.6844600000000001
1727877044.008,61229,24.510000000002037,3.6004300000000002
1727877045.007,61224,24.510000000002037,-0.8489299999999997
1727877046.007,61234,24.50999999999476,-1.3313599999999999
1727877047.008,61219,24.510000000002037,2.365547
1727877048.007,61221,24.510000000002037,0.9632270000000003
1727877049.007,61219,24.510000000002037,3.7895199999999996
1727877050.007,61232,24.510000000002037,-3.5587359999999997
1727877051.007,61233,24.510000000002037,-2.07146
1727877052.007,61236,24.510000000002037,-3.597597
1727877053.008,61231,24.510000000002037,3.051318
1727877054.007,61221,24.510000000002037,4.4928040000000005
1727877055.009,61216,24.510000000002037,5.832024
1727877056.007,61214,24.510000000002037,2.4309700000000003
1727877057.008,61215,24.510000000002037,-2.651439
1727877058.007,61222,24.510000000002037,-2.1341799999999997
1727877059.01,61223,24.510000000002037,1.2591519999999998
1727877060.008,61224,24.510000000002037,0.22678200000000004
1727877061.009,61230,24.510000000002037,-5.195112
1727877062.008,61231,24.50999999999476,-2.89874
1727877063.008,61257,24.529999999998836,-0.13368999999999986
1727877064.007,61271,24.529999999998836,-4.5434
1727877065.009,61271,24.529999999998836,-1.7610900000000003
1727877066.007,61266,24.529999999998836,3.706008
1727877067.01,61255,24.529999999998836,2.94945
1727877068.009,61232,24.510000000002037,3.526757
1727877069.008,61221,24.510000000002037,3.248792
1727877070.007,61220,24.510000000002037,-3.18677
1727877071.007,61241,24.510000000002037,-2.72332
1727877072.007,61232,24.50999999999476,3.1455800000000003
1727877073.008,61222,24.50999999999476,1.8915299999999995
1727877074.009,61242,24.510000000002037,-2.32348
1727877075.008,61241,24.50999999999476,2.18635
1727877076.008,61239,24.50999999999476,2.37082
1727877077.007,61236,24.510000000002037,3.05831
1727877078.009,61227,24.510000000002037,2.59094
1727877079.009,61233,24.510000000002037,-1.554402
1727877080.009,61226,24.510000000002037,4.509711
1727877081.006,61222,24.50999999999476,5.50949
1727877082.007,61228,24.50999999999476,-2.06729
1727877083.007,61222,24.510000000002037,5.880709
1727877084.008,61209,24.510000000002037,4.28599
1727877085.007,61199,24.5,1.8390019999999998
1727877086.008,61198,24.5,1.8736519999999999
1727877087.008,61190,24.489999999997963,4.404429
1727877088.007,61185,24.49000000000524,4.0054099999999995
1727877089.008,61184,24.49000000000524,1.60858
1727877090.009,61190,24.489999999997963,5.5917699999999995
1727877091.008,61193,24.49000000000524,-0.43818
1727877092.009,61184,24.489999999997963,2.4232500000000003
1727877093.008,61180,24.489999999997963,2.66329
1727877094.007,61176,24.489999999997963,5.8058570000000005
1727877095.012,61164,24.489999999997963,6.156905
1727877096.007,61168,24.489999999997963,-0.37625200000000003
1727877097.007,61159,24.489999999997963,6.360925
1727877098.007,61153,24.489999999997963,3.65834
1727877099.009,61146,24.469999999993888,3.94325
1727877100.007,61146,24.470000000001164,4.07435
1727877101.008,61131,24.470000000001164,4.581651
1727877102.007,61131,24.470000000001164,-4.48658
1727877103.009,61137,24.470000000001164,3.9339999999999997
1727877104.007,61128,24.470000000001164,-1.56058
1727877105.009,61122,24.470000000001164,6.60933
1727877106.007,61120,24.470000000001164,3.8865540000000003
1727877107.007,61128,24.470000000001164,-3.7032
1727877108.007,61128,24.470000000001164,-1.5659399999999999
1727877109.008,61138,24.470000000001164,-4.147922
1727877110.007,61142,24.470000000001164,-5.040292
1727877111.008,61159,24.489999999997963,-1.528213
1727877112.008,61154,24.489999999997963,-3.3781100000000004
1727877113.008,61149,24.470000000001164,-0.46852899999999975
1727877114.007,61142,24.470000000001164,7.135523
1727877115.01,61123,24.470000000001164,5.589485
1727877116.008,61127,24.470000000001164,-0.6086140000000002
1727877117.007,61121,24.470000000001164,5.10824
1727877118.008,61113,24.470000000001164,2.937613
1727877119.007,61109,24.470000000001164,3.390113
1727877120.008,61095,24.44999999999709,3.4485
1727877121.007,61114,24.470000000001164,-0.443378
1727877122.007,61113,24.470000000001164,2.40889
1727877123.007,61116,24.470000000001164,-5.740600000000001
1727877124.008,61125,24.470000000001164,-3.438183
1727877125.008,61134,24.470000000001164,1.5876510000000001
1727877126.012,61135,24.470000000001164,-0.407219
1727877127.008,61135,24.470000000001164,-0.12542999999999993
1727877128.007,61127,24.469999999993888,2.62406
1727877129.008,61113,24.470000000001164,3.6455
1727877130.008,61102,24.470000000001164,1.20708
1727877131.007,61129,24.470000000001164,-3.9210570000000002
1727877132.007,61142,24.470000000001164,-0.24229199999999995
1727877133.008,61132,24.470000000001164,3.794514
1727877134.007,61120,24.469999999993888,1.65943
1727877135.009,61124,24.470000000001164,-3.39067
1727877136.008,61135,24.470000000001164,-1.5803699999999998
1727877137.008,61127,24.470000000001164,-1.359388
1727877138.009,61131,24.470000000001164,0.3246499999999999
1727877139.009,61131,24.470000000001164,-0.6885200000000002
1727877140.007,61122,24.470000000001164,5.701609
1727877141.007,61122,24.470000000001164,-3.895683
1727877142.007,61122,24.470000000001164,0.164906
1727877143.007,61124,24.470000000001164,-3.08684
1727877144.007,61127,24.470000000001164,-3.28817
1727877145.008,61128,24.470000000001164,-1.2216500000000001
1727877146.008,61128,24.470000000001164,-0.3854099999999998
1727877147.008,61129,24.470000000001164,-2.45257
1727877148.007,61138,24.470000000001164,0.6304400000000001
1727877149.009,61134,24.470000000001164,5.0807
1727877150.007,61136,24.470000000001164,-3.53521
1727877151.007,61134,24.470000000001164,2.36404
1727877152.008,61139,24.470000000001164,-4.76928
1727877153.007,61146,24.470000000001164,-5.236817
1727877154.007,61145,24.470000000001164,-1.5281689999999999
1727877155.008,61145,24.470000000001164,4.012854000000001
1727877156.008,61142,24.470000000001164,-2.5427519999999997
1727877157.007,61148,24.470000000001164,-7.879639
1727877158.007,61173,24.49000000000524,-5.17752
1727877159.007,61174,24.49000000000524,-3.2848699999999997
1727877160.008,61172,24.489999999997963,4.59976
1727877161.007,61167,24.489999999997963,-1.0088300000000001
1727877162.007,61169,24.489999999997963,7.388809999999999
1727877163.007,61164,24.489999999997963,-3.8889099999999996
1727877164.008,61180,24.489999999997963,-3.991499
1727877165.007,61180,24.489999999997963,0.988211
1727877166.007,61180,24.489999999997963,0.8882909999999999
1727877167.01,61178,24.489999999997963,3.0501899999999997
1727877168.008,61189,24.489999999997963,-3.6264640000000004
1727877169.007,61199,24.489999999997963,-1.0390959999999998
1727877170.007,61197,24.489999999997963,1.78771
1727877171.009,61196,24.489999999997963,0.3409700000000002
1727877172.007,61191,24.489999999997963,1.93078
1727877173.008,61178,24.49000000000524,3.17669
1727877174.007,61185,24.489999999997963,1.26931
1727877175.007,61192,24.489999999997963,-3.82022
1727877176.008,61193,24.489999999997963,-0.030979999999999785
1727877177.009,61184,24.489999999997963,4.92743
1727877178.007,61176,24.489999999997963,3.410734
1727877179.007,61181,24.489999999997963,-0.6799
1727877180.007,61165,24.489999999997963,2.3965
1727877181.008,61158,24.49000000000524,3.66715
1727877182.007,61154,24.49000000000524,4.48832
1727877183.008,61154,24.49000000000524,1.88892
1727877184.008,61164,24.49000000000524,-5.03065
1727877185.007,61175,24.489999999997963,-0.3894799999999998
1727877186.008,61184,24.489999999997963,-4.148312
1727877187.008,61200,24.510000000002037,-4.6632
1727877188.009,61202,24.510000000002037,-0.8432300000000001
1727877189.008,61201,24.510000000002037,0.5993600000000001
1727877190.007,61204,24.510000000002037,-6.99743
1727877191.008,61204,24.510000000002037,-5.398673
1727877192.007,61207,24.510000000002037,-6.090509
1727877193.009,61208,24.510000000002037,-0.17643900000000023
1727877194.008,61208,24.50999999999476,-6.17916
1727877195.007,61219,24.510000000002037,-7.185599
1727877196.007,61220,24.510000000002037,-2.099519
1727877197.007,61196,24.489999999997963,2.45803
1727877198.008,61197,24.489999999997963,-4.734030000000001
1727877199.007,61189,24.489999999997963,2.6265419999999997
1727877200.007,61193,24.49000000000524,-3.06916
1727877201.007,61213,24.64999999999418,-0.1853
1727877202.007,61220,24.50999999999476,-2.10592
1727877203.008,61221,24.50999999999476,-0.28107000000000015
1727877204.008,61220,24.50999999999476,0.4499599999999999
1727877205.008,61209,24.510000000002037,0.314551
1727877206.007,61220,24.510000000002037,-6.090903
1727877207.007,61224,24.510000000002037,-5.637169999999999
1727877208.008,61231,24.510000000002037,-0.014392999999999878
1727877209.007,61231,24.510000000002037,-0.663333
1727877210.008,61238,24.510000000002037,-6.0225859999999996
1727877211.008,61240,24.510000000002037,-6.750406
1727877212.008,61238,24.510000000002037,1.251194
1727877213.008,61238,24.510000000002037,0.285191
1727877214.008,61237,24.510000000002037,0.9279810000000001
1727877215.007,61236,24.510000000002037,-1.815649
1727877216.008,61240,24.510000000002037,0.06075000000000008
1727877217.007,61247,24.50999999999476,-7.50582
1727877218.008,61248,24.510000000002037,-2.0756200000000002
1727877219.008,61249,24.529999999998836,-1.46163
1727877220.009,61255,24.529999999998836,2.97378
1727877221.008,61253,24.529999999998836,3.9915570000000002
1727877222.008,61253,24.529999999998836,1.9059030000000001
1727877223.009,61250,24.5199999999968,0.20328999999999997
1727877224.008,61252,24.529999999998836,0.9866600000000001
1727877225.008,61247,24.510000000002037,-0.517644
1727877226.008,61254,24.529999999998836,-5.34222
1727877227.008,61247,24.510000000002037,0.9972129999999999
1727877228.008,61245,24.50999999999476,1.9817999999999998
1727877229.008,61255,24.529999999998836,-5.779773
1727877230.008,61272,24.529999999998836,0.604085
1727877231.007,61272,24.529999999998836,-2.2217949999999997
1727877232.007,61267,24.529999999998836,1.57326
1727877233.007,61273,24.529999999998836,-5.22651
1727877234.008,61273,24.529999999998836,1.676072
1727877235.007,61266,24.529999999998836,-0.5999999999999999
1727877236.008,61266,24.529999999998836,-2.2009999999999996
1727877237.008,61267,24.529999999998836,-1.7037399999999998
1727877238.008,61273,24.529999999998836,-5.34389
1727877239.008,61269,24.529999999998836,0.4006809999999996
1727877240.008,61270,24.529999999998836,1.3861600000000003
1727877241.007,61276,24.529999999998836,0.28214000000000006
1727877242.008,61271,24.530000000006112,3.83298
1727877243.007,61269,24.529999999998836,-1.332188
1727877244.01,61272,24.529999999998836,2.95343
1727877245.007,61248,24.50999999999476,3.2290799999999997
1727877246.007,61237,24.510000000002037,-2.1561399999999997
1727877247.008,61246,24.50999999999476,-0.6590100000000001
1727877248.008,61243,24.510000000002037,2.83813
1727877249.007,61244,24.510000000002037,0.8282800000000001
1727877250.008,61244,24.510000000002037,3.78064
1727877251.007,61244,24.510000000002037,-2.29819
1727877252.008,61265,24.529999999998836,-5.095311
1727877253.008,61259,24.529999999998836,4.50533
1727877254.008,61246,24.510000000002037,1.9124199999999998
1727877255.007,61245,24.510000000002037,1.6616499999999998
1727877256.008,61240,24.50999999999476,2.37239
1727877257.008,61240,24.50999999999476,5.44622
1727877258.007,61237,24.510000000002037,4.4176329999999995
1727877259.007,61240,24.510000000002037,6.692373000000001
1727877260.007,61238,24.510000000002037,-1.3165479999999998
1727877261.007,61238,24.50999999999476,2.4447
1727877262.008,61237,24.510000000002037,6.713418
1727877263.007,61224,24.510000000002037,3.8234139999999996
1727877264.007,61275,24.529999999998836,1.1633
1727877265.008,61286,24.529999999998836,0.31034000000000006
1727877266.007,61288,24.529999999998836,-1.7219679999999997
1727877267.007,61291,24.529999999998836,-3.335748
1727877268.008,61289,24.639999999999418,0.793776
1727877269.007,61280,24.529999999998836,0.6958890000000002
1727877270.007,61280,24.529999999998836,-0.1340079999999999
1727877271.007,61286,24.529999999998836,-2.3282879999999997
1727877272.007,61285,24.529999999998836,0.8673740000000001
1727877273.008,61287,24.529999999998836,-4.535175
1727877274.007,61289,24.529999999998836,-3.597677
1727877275.009,61296,24.530000000006112,-3.2916410000000003
1727877276.007,61303,24.55000000000291,-2.291449
1727877277.008,61304,24.55000000000291,-4.3641179999999995
1727877278.007,61303,24.55000000000291,-2.743666
1727877279.009,61322,24.549999999995634,-2.66069
1727877280.007,61328,24.549999999995634,0.993659
1727877281.009,61322,24.549999999995634,0.0337670000000001
1727877282.008,61327,24.549999999995634,2.207061
1727877283.008,61316,24.549999999995634,2.9880280000000004
1727877284.008,61313,24.549999999995634,4.888382
1727877285.007,61313,24.549999999995634,-0.8908929999999999
1727877286.008,61318,24.549999999995634,-2.394232
1727877287.007,61318,24.549999999995634,-1.262367
1727877288.009,61321,24.549999999995634,0.8775160000000001
1727877289.007,61321,24.55000000000291,0.6475750000000001
1727877290.008,61316,24.549999999995634,-9.287227
1727877291.008,61316,24.549999999995634,-9.473724
1727877292.008,61315,24.549999999995634,-7.783975000000001
1727877293.007,61315,24.549999999995634,-9.740441
1727877294.007,61304,24.549999999995634,5.269342
1727877295.008,61300,24.549999999995634,4.097709
1727877296.007,61291,24.529999999998836,1.748247
1727877297.008,61287,24.530000000006112,0.6539600000000001
1727877298.007,61287,24.530000000006112,-1.1851369999999999
1727877299.008,61287,24.530000000006112,-1.0329320000000002
1727877300.008,61287,24.530000000006112,1.385714
1727877301.009,61271,24.530000000006112,2.806618
1727877302.008,61249,24.510000000002037,0.10588100000000011
1727877303.007,61253,24.529999999998836,-2.989039
1727877304.007,61252,24.529999999998836,-3.738781
1727877305.007,61260,24.529999999998836,-4.686885
1727877306.007,61258,24.529999999998836,5.476998
1727877307.007,61261,24.529999999998836,0.544719
1727877308.007,61260,24.529999999998836,1.541258
1727877309.007,61253,24.529999999998836,3.9938350000000002
1727877310.007,61263,24.529999999998836,-4.7014700000000005
1727877311.007,61290,24.530000000006112,-3.986267
1727877312.007,61291,24.530000000006112,-0.8371250000000001
1727877313.007,61288,24.529999999998836,0.583385
1727877314.009,61277,24.529999999998836,5.224247999999999
1727877315.008,61272,24.529999999998836,2.106161
1727877316.008,61275,24.529999999998836,0.26396299999999995
1727877317.007,61254,24.529999999998836,1.1076730000000001
1727877318.007,61252,24.529999999998836,5.190276
1727877319.007,61250,24.5199999999968,-1.986135
1727877320.008,61239,24.510000000002037,2.355838
1727877321.007,61244,24.510000000002037,-0.3850220000000002
1727877322.008,61244,24.510000000002037,3.635477
1727877323.007,61246,24.510000000002037,0.4310400000000001
1727877324.007,61246,24.510000000002037,-2.064773
1727877325.007,61249,24.529999999998836,-4.502972
1727877326.008,61257,24.529999999998836,-4.802256000000001
1727877327.008,61274,24.529999999998836,-3.9690679999999996
1727877328.007,61282,24.529999999998836,-6.320142
1727877329.007,61286,24.529999999998836,-4.919895
1727877330.008,61301,24.55000000000291,-3.271531
1727877331.008,61310,25.31999999999971,-5.2956389999999995
1727877332.007,61316,24.549999999995634,-3.5149280000000003
1727877333.008,61317,24.549999999995634,-3.404647
1727877334.007,61317,24.549999999995634,-4.503876999999999
1727877335.007,61330,24.55000000000291,-4.158114
1727877336.007,61323,24.549999999995634,-0.720977
1727877337.008,61328,25.68000000000029,-5.691119
1727877338.007,61332,24.549999999995634,-3.367651
1727877339.007,61337,24.549999999995634,-2.392863
1727877340.01,61359,24.56999999999971,-1.857665
1727877341.007,61362,24.56999999999971,2.112232
1727877342.007,61331,24.549999999995634,0.0798890000000001
1727877343.007,61330,24.549999999995634,2.281266
1727877344.008,61323,24.549999999995634,4.002052000000001
1727877345.007,61324,24.549999999995634,-1.267042
1727877346.007,61317,24.55000000000291,0.492104
1727877347.007,61308,24.549999999995634,5.740155000000001
1727877348.008,61298,24.529999999998836,5.272014
1727877349.008,61298,24.529999999998836,2.180879
1727877350.007,61303,24.55000000000291,-2.264126
1727877351.007,61304,24.55000000000291,2.512698
1727877352.007,61283,24.529999999998836,5.1841420000000005
1727877353.009,61276,24.529999999998836,4.586047
1727877354.008,61287,24.529999999998836,-0.519291
1727877355.008,61291,24.529999999998836,-2.784587
1727877356.007,61292,24.529999999998836,-1.0977540000000001
1727877357.007,61293,24.529999999998836,-5.002471
1727877358.008,61299,24.529999999998836,-6.077527
1727877359.007,61299,24.529999999998836,-1.336364
1727877360.008,61296,24.529999999998836,3.594544
1727877361.007,61301,24.549999999995634,-4.20696
1727877362.007,61310,24.549999999995634,-0.8981939999999997
1727877363.008,61304,24.55000000000291,0.7093350000000003
1727877364.009,61294,24.529999999998836,6.039017
1727877365.009,61297,24.529999999998836,-3.3480809999999996
1727877366.007,61306,24.549999999995634,-2.107157
1727877367.007,61307,24.55000000000291,5.530773000000001
1727877368.008,61295,24.529999999998836,3.780385
1727877369.008,61277,24.529999999998836,1.653735
1727877370.007,61276,24.529999999998836,1.111728
1727877371.011,61276,24.529999999998836,0.46604999999999985
1727877372.007,61272,24.529999999998836,2.756102
1727877373.007,61266,24.529999999998836,4.78763
1727877374.007,61261,24.529999999998836,2.628281
1727877375.008,61258,24.529999999998836,0.39998500000000003
1727877376.007,61253,24.529999999998836,0.8118459999999998
1727877377.008,61239,24.50999999999476,5.430276999999999
1727877378.007,61238,24.50999999999476,-0.48748199999999997
1727877379.008,61242,24.510000000002037,-4.707691
1727877380.007,61248,24.50999999999476,-0.0956300000000001
1727877381.007,61251,24.529999999998836,-5.290049
1727877382.007,61261,24.529999999998836,1.437332
1727877383.007,61258,24.529999999998836,3.124663
1727877384.007,61251,24.530000000006112,2.9820140000000004
1727877385.007,61243,24.510000000002037,3.207715
1727877386.007,61234,24.510000000002037,-1.8334899999999998
1727877387.008,61243,24.510000000002037,-1.2365529999999998
1727877388.008,61245,24.510000000002037,0.651748
1727877389.008,61254,24.529999999998836,-1.6182309999999998
1727877390.008,61254,24.529999999998836,-0.08768999999999982
1727877391.008,61269,24.529999999998836,-6.944369
1727877392.01,61270,24.529999999998836,-5.947819
1727877393.009,61267,24.529999999998836,-0.9132789999999997
1727877394.007,61269,24.529999999998836,-3.864429
1727877395.007,61268,24.529999999998836,-2.138889
1727877396.008,61268,24.529999999998836,-3.141319
1727877397.008,61274,24.529999999998836,-5.19778
1727877398.008,61293,24.530000000006112,-5.156649
1727877399.007,61301,24.55000000000291,-2.3885300000000003
1727877400.008,61304,24.55000000000291,-4.24139
1727877401.008,61297,24.530000000006112,1.25217
1727877402.008,61298,24.530000000006112,-0.16745999999999972
1727877403.008,61298,24.530000000006112,2.1518100000000002
1727877404.007,61296,24.530000000006112,2.01716
1727877405.007,61295,24.530000000006112,2.37059
1727877406.007,61296,24.530000000006112,1.3488200000000001
1727877407.007,61296,24.530000000006112,2.17383
1727877408.008,61296,24.530000000006112,2.20404
1727877409.008,61294,24.529999999998836,-1.3721799999999997
1727877410.007,61301,24.549999999995634,-0.30412399999999984
1727877411.007,61302,24.549999999995634,-1.804376
1727877412.008,61318,24.549999999995634,-3.4494350000000003
1727877413.008,61328,24.55000000000291,-0.69303
1727877414.008,61353,24.56999999999971,2.30224
1727877415.007,61329,24.55000000000291,2.03676
1727877416.007,61322,24.549999999995634,2.8889959999999997
1727877417.008,61319,24.549999999995634,-0.8101370000000001
1727877418.009,61320,24.549999999995634,-0.590087
1727877419.007,61321,24.549999999995634,0.2903819999999999
1727877420.007,61308,24.549999999995634,2.71137
1727877421.007,61300,24.549999999995634,4.0624
1727877422.01,61300,24.549999999995634,4.8769
1727877423.007,61285,24.529999999998836,3.764647
1727877424.007,61287,24.529999999998836,-3.65275
1727877425.007,61304,24.549999999995634,-3.855302
1727877426.008,61316,24.549999999995634,-4.209830999999999
1727877427.008,61332,24.549999999995634,-5.49503
1727877428.007,61347,24.549999999995634,-5.7627109999999995
1727877429.008,61354,24.56999999999971,-1.1455199999999999
1727877430.007,61358,24.56999999999971,-0.15482200000000002
1727877431.007,61352,24.56999999999971,-1.5703160000000003
1727877432.007,61360,24.56999999999971,-1.2081399999999998
1727877433.007,61361,24.56999999999971,-4.64217
1727877434.007,61368,24.56999999999971,-2.6680710000000003
1727877435.007,61369,24.56999999999971,0.07612899999999989
1727877436.008,61370,24.56999999999971,-2.53791
1727877437.008,61379,24.56999999999971,-1.6522800000000002
1727877438.007,61397,24.56999999999971,-1.718597
1727877439.008,61399,24.56999999999971,-2.8921909999999995
1727877440.007,61399,24.590000000003783,5.94862
1727877441.008,61392,24.56999999999971,1.102271
1727877442.007,61384,24.56999999999971,3.76388
1727877443.007,61375,24.56999999999971,1.8014159999999997
1727877444.008,61390,24.56999999999971,2.06967
1727877445.007,61382,24.56999999999971,4.663589999999999
1727877446.007,61386,24.56999999999971,-2.643841
1727877447.007,61395,24.56999999999971,2.81522
1727877448.007,61402,24.589999999996508,3.15664
1727877449.008,61398,24.580000000001746,2.3967810000000003
1727877450.007,61398,24.56999999999971,-4.252750000000001
1727877451.008,61408,24.62999999999738,-0.09817999999999999
1727877452.008,61421,24.590000000003783,-0.9766430000000001
1727877453.007,61420,24.590000000003783,0.5177259999999999
1727877454.008,61441,24.590000000003783,-3.641904
1727877455.007,61448,24.610000000000582,-0.82948
1727877456.007,61450,24.610000000000582,4.641483
1727877457.007,61457,24.610000000000582,-4.07379
1727877458.008,61458,24.610000000000582,-0.9090179999999999
1727877459.007,61455,24.610000000000582,0.8559600000000003
1727877460.008,61458,24.610000000000582,-2.1214199999999996
1727877461.008,61453,24.610000000000582,4.03021
1727877462.008,61453,24.610000000000582,4.38298
1727877463.008,61450,24.610000000000582,3.0291069999999998
1727877464.008,61447,24.590000000003783,6.15018
1727877465.008,61441,24.589999999996508,-5.5518
1727877466.008,61445,24.589999999996508,-2.99113
1727877467.01,61443,24.590000000003783,-1.07941
1727877468.007,61445,24.590000000003783,0.5681
1727877469.009,61447,24.590000000003783,0.6961559999999998
1727877470.008,61429,24.589999999996508,0.79448
1727877471.008,61418,24.589999999996508,2.4846019999999998
1727877472.01,61421,24.590000000003783,1.26429
1727877473.008,61419,24.590000000003783,0.2068399999999999
1727877474.007,61421,24.589999999996508,1.1977300000000002
1727877475.007,61417,24.590000000003783,0.8991929999999999
1727877476.007,61418,24.590000000003783,-0.6968819999999998
1727877477.008,61417,24.589999999996508,4.2241100000000005
1727877478.007,61418,24.589999999996508,-0.14624799999999993
1727877479.009,61418,24.590000000003783,-4.08698
1727877480.007,61417,24.590000000003783,3.06913
1727877481.007,61420,24.590000000003783,-0.8664700000000001
1727877482.008,61419,24.590000000003783,0.3205499999999999
1727877483.008,61419,24.590000000003783,-0.508111
1727877484.008,61419,24.589999999996508,-6.8669
1727877485.007,61446,24.590000000003783,-4.702701
1727877486.007,61448,24.590000000003783,-5.1369810000000005
1727877487.008,61449,24.610000000000582,0.5837600000000001
1727877488.008,61447,24.589999999996508,3.03829
1727877489.008,61432,24.590000000003783,1.5303809999999998
1727877490.007,61420,24.590000000003783,-1.493018
1727877491.008,61424,24.590000000003783,-0.7491619999999997
1727877492.008,61422,24.590000000003783,0.5258609999999999
1727877493.008,61420,24.590000000003783,4.143941
1727877494.007,61420,24.590000000003783,0.28171899999999983
1727877495.007,61432,24.590000000003783,-3.9658999999999995
1727877496.008,61446,24.590000000003783,-5.158632
1727877497.007,61446,24.590000000003783,-2.0924519999999998
1727877498.008,61446,24.590000000003783,-2.477272
1727877499.007,61446,24.590000000003783,4.6501
1727877500.007,61435,24.590000000003783,0.8511100000000003
1727877501.008,61425,24.589999999996508,-0.4721200000000001
1727877502.008,61436,24.589999999996508,1.2768599999999999
1727877503.01,61428,24.590000000003783,-2.15928
1727877504.007,61430,24.590000000003783,0.6222399999999999
1727877505.008,61430,24.590000000003783,2.47789
1727877506.008,61424,24.589999999996508,-1.50076
1727877507.008,61431,24.590000000003783,-0.006299999999999972
1727877508.008,61436,24.589999999996508,-0.774662
1727877509.008,61434,24.589999999996508,0.34400799999999987
1727877510.008,61436,24.589999999996508,-5.8353399999999995
1727877511.008,61440,24.590000000003783,-1.374664
1727877512.007,61437,24.590000000003783,-2.015489
1727877513.008,61432,24.590000000003783,0.7765280000000001
1727877514.008,61416,24.589999999996508,1.89653
1727877515.007,61411,24.590000000003783,1.102115
1727877516.008,61407,24.589999999996508,3.06605
1727877517.007,61408,24.589999999996508,-1.57749
1727877518.007,61406,24.590000000003783,2.55839
1727877519.007,61419,24.590000000003783,-5.01544
1727877520.007,61421,24.590000000003783,-2.5198899999999997
1727877521.01,61415,24.590000000003783,-1.2334390000000002
1727877522.007,61415,24.590000000003783,0.6324529999999999
1727877523.007,61409,24.589999999996508,2.47593
1727877524.008,61409,24.589999999996508,2.11135
1727877525.007,61400,24.590000000003783,2.2913680000000003
1727877526.007,61395,24.56999999999971,7.3182659999999995
1727877527.008,61398,24.56999999999971,-1.786594
1727877528.008,61399,24.56999999999971,-1.1027920000000002
1727877529.007,61396,24.56999999999971,3.66153
1727877530.008,61406,24.590000000003783,-4.95303
1727877531.007,61404,24.590000000003783,1.6614000000000002
1727877532.008,61392,24.56999999999971,3.1219099999999997
1727877533.008,61385,24.56999999999971,3.05431
1727877534.007,61381,24.56999999999971,1.8369900000000001
1727877535.008,61389,24.56999999999971,-5.085501
1727877536.007,61391,24.56999999999971,1.8705699999999998
1727877537.008,61378,24.56999999999971,0.6113999999999999
1727877538.008,61366,24.56999999999971,4.702079
1727877539.007,61363,24.56999999999971,-0.6079249999999998
1727877540.008,61367,24.56999999999971,-2.55377
1727877541.007,61372,24.56999999999971,2.46077
1727877542.007,61371,24.56999999999971,-0.16004000000000018
1727877543.007,61377,24.56999999999971,-4.540672000000001
1727877544.007,61376,24.56999999999971,-0.18430199999999974
1727877545.009,61368,24.56999999999971,2.293541
1727877546.007,61366,24.56999999999971,3.27236
1727877547.007,61363,24.56999999999971,5.17444
1727877548.007,61351,24.56999999999971,1.600767
1727877549.009,61346,24.549999999995634,6.336463
1727877550.008,61346,24.55000000000291,-4.5029200000000005
1727877551.008,61360,24.56999999999971,-2.932051
1727877552.008,61363,24.56999999999971,-5.223372
1727877553.008,61363,24.56999999999971,1.328988
1727877554.007,61363,24.56999999999971,0.841448
1727877555.008,61363,24.56999999999971,1.4938280000000002
1727877556.008,61359,24.56999999999971,4.10848
1727877557.012,61352,24.56999999999971,2.82544
1727877558.008,61348,24.55000000000291,2.43236
1727877559.007,61345,24.549999999995634,0.20303099999999996
1727877560.007,61345,24.549999999995634,0.6163610000000002
1727877561.007,61345,24.549999999995634,-1.455349
1727877562.008,61347,24.549999999995634,-3.5515090000000002
1727877563.007,61353,24.56999999999971,1.76343
1727877564.007,61353,24.56999999999971,-0.3636189999999999
1727877565.007,61349,24.549999999995634,1.8887300000000002
1727877566.008,61346,24.549999999995634,2.32112
1727877567.009,61338,24.549999999995634,4.213099
1727877568.007,61344,24.549999999995634,-6.457592
1727877569.007,61344,24.55000000000291,-2.66345
1727877570.008,61345,24.55000000000291,-0.95584
1727877571.007,61345,24.55000000000291,0.57196
1727877572.007,61344,24.549999999995634,0.8817599999999999
1727877573.007,61343,24.55000000000291,4.45578
1727877574.008,61342,24.55000000000291,2.20079
1727877575.007,61353,24.56999999999971,-2.2599319999999996
1727877576.007,61332,24.549999999995634,3.749064
1727877577.007,61329,24.55000000000291,0.7699500000000001
1727877578.007,61304,24.55000000000291,-3.86915
1727877579.007,61306,24.55000000000291,1.18346
1727877580.007,61308,24.549999999995634,-4.788819999999999
1727877581.007,61316,24.55000000000291,-0.43974
1727877582.008,61317,24.55000000000291,-1.03545
1727877583.007,61323,24.55000000000291,0.80351
1727877584.008,61322,24.549999999995634,-3.20072
1727877585.008,61324,24.55000000000291,-4.42479
1727877586.007,61330,24.549999999995634,-5.5274529999999995
1727877587.007,61338,24.549999999995634,-3.28245
1727877588.006,61340,24.549999999995634,-4.07743
1727877589.008,61347,24.55000000000291,-6.31707
1727877590.007,61346,24.549999999995634,-1.5628090000000001
1727877591.007,61347,24.55000000000291,-3.8333399999999997
1727877592.008,61338,24.55000000000291,5.27224
1727877593.007,61337,24.55000000000291,5.46242
1727877594.008,61328,24.549999999995634,-1.32922
1727877595.007,61340,24.549999999995634,-2.0618899999999996
1727877596.007,61349,24.56999999999971,0.940522
1727877597.008,61348,24.55999999999767,1.79187
1727877598.007,61349,24.55999999999767,0.5245410000000001
1727877599.007,61349,24.55999999999767,3.933881
1727877600.007,61349,24.55999999999767,4.246241
1727877601.007,61350,24.55999999999767,9.671471
1727877602.007,61350,24.55999999999767,5.921220999999999
1727877603.008,61350,24.55999999999767,5.4957910000000005
1727877604.009,61352,24.56999999999971,6.87735
1727877605.007,61340,24.55000000000291,2.60459
1727877606.007,61336,24.55000000000291,-0.8703599999999998
1727877607.008,61356,24.56999999999971,-1.5836700000000001
1727877608.007,61357,24.56999999999971,-3.4122220000000003
1727877609.008,61355,24.56999999999971,3.863501
1727877610.007,61354,24.56999999999971,4.661491
1727877611.008,61364,24.56999999999971,-0.7620399999999998
1727877612.008,61352,24.56999999999971,1.658682
1727877613.007,61365,24.56999999999971,-4.207050000000001
1727877614.008,61371,24.56999999999971,1.827521
1727877615.008,61379,24.56999999999971,6.1127199999999995
1727877616.007,61366,24.56999999999971,6.39697
1727877617.012,61363,24.56999999999971,6.45102
1727877618.008,61358,24.56999999999971,-0.6141129999999997
1727877619.007,61355,24.56999999999971,-1.6295700000000002
1727877620.007,61359,24.56999999999971,1.3219400000000001
1727877621.007,61342,24.55000000000291,4.73162
1727877622.007,61340,24.55000000000291,5.141579
1727877623.008,61333,24.549999999995634,6.014469
1727877624.007,61334,24.549999999995634,1.5287509999999997
1727877625.007,61336,24.549999999995634,-3.3449619999999998
1727877626.008,61333,24.55000000000291,4.646739999999999
1727877627.012,61308,24.549999999995634,0.4633259999999999
1727877628.008,61307,24.549999999995634,5.241820000000001
1727877629.008,61308,24.55000000000291,-5.6292100000000005
1727877630.008,61306,24.55000000000291,0.48544999999999994
1727877631.008,61306,24.55000000000291,-0.0772600000000001
1727877632.01,61323,24.549999999995634,-2.932435
1727877633.007,61340,24.55000000000291,3.1325
1727877634.007,61342,24.55000000000291,-0.2870299999999999
1727877635.007,61348,24.549999999995634,1.3590399999999998
1727877636.008,61348,24.549999999995634,1.5534400000000002
1727877637.007,61341,24.549999999995634,2.005352
1727877638.008,61332,24.55000000000291,1.64273
1727877639.008,61346,24.55000000000291,-5.39345
1727877640.007,61342,24.549999999995634,2.07173
1727877641.007,61334,24.549999999995634,6.212192
1727877642.008,61354,24.56999999999971,-3.456076
1727877643.008,61370,24.56999999999971,-5.264609999999999
1727877644.008,61367,24.56999999999971,1.03795
1727877645.009,61381,24.56999999999971,1.78106
1727877646.009,61377,24.56999999999971,-3.23669
1727877647.007,61379,24.56999999999971,2.251709
1727877648.007,61378,24.56999999999971,1.4964089999999999
1727877649.008,61378,24.56999999999971,2.1665289999999997
1727877650.008,61381,24.56999999999971,-5.14112
1727877651.007,61389,24.56999999999971,1.1378030000000003
1727877652.008,61385,24.56999999999971,2.952491
1727877653.007,61383,24.56999999999971,4.54899
1727877654.008,61368,24.56999999999971,7.564451
1727877655.007,61354,24.56999999999971,6.399422
1727877656.007,61344,24.55000000000291,-5.38581
1727877657.008,61347,24.549999999995634,-1.286422
1727877658.009,61352,24.56999999999971,-0.4564199999999996
1727877659.007,61351,24.56999999999971,0.7825100000000003
1727877660.007,61349,24.56999999999971,6.198219999999999
1727877661.007,61362,24.56999999999971,0.5118
1727877662.007,61356,24.56999999999971,3.97574
1727877663.008,61326,24.55000000000291,3.43911
1727877664.008,61333,24.549999999995634,-2.05752
1727877665.007,61340,24.549999999995634,-6.899794
1727877666.007,61354,24.56999999999971,2.698683
1727877667.007,61359,24.56999999999971,-7.148461
1727877668.008,61370,24.56999999999971,-5.0673449999999995
1727877669.007,61360,24.56999999999971,1.8383
1727877670.008,61355,24.56999999999971,4.06965
1727877671.009,61347,24.549999999995634,-2.81403
1727877672.007,61351,24.56999999999971,0.31836
1727877673.007,61360,24.56999999999971,-5.841111
1727877674.008,61354,24.56999999999971,2.7145200000000003
1727877675.007,61347,24.55000000000291,3.83861
1727877676.008,61356,24.56999999999971,2.0493
1727877677.007,61357,24.56999999999971,7.11051
1727877678.007,61351,24.56999999999971,0.5954699999999997
1727877679.008,61352,24.56999999999971,1.7561200000000001
1727877680.008,61352,24.56999999999971,-0.66073
1727877681.007,61351,24.56999999999971,1.9616500000000001
1727877682.008,61348,24.55999999999767,2.720402
1727877683.007,61356,24.56999999999971,-4.0148399999999995
1727877684.007,61341,24.549999999995634,6.003141
1727877685.008,61332,24.549999999995634,6.543296000000001
1727877686.008,61330,24.55000000000291,-3.15119
1727877687.007,61331,24.549999999995634,2.4012200000000004
1727877688.007,61328,24.55000000000291,2.91674
1727877689.007,61338,24.549999999995634,-5.448662000000001
1727877690.007,61339,24.55000000000291,0.79983
1727877691.008,61338,24.55000000000291,-0.49936000000000025
1727877692.008,61339,24.549999999995634,-6.31561
1727877693.007,61349,24.55999999999767,3.238491
1727877694.01,61351,24.56999999999971,-4.890963
1727877695.008,61358,24.56999999999971,-1.538423
1727877696.008,61359,24.56999999999971,-5.871563
1727877697.008,61367,24.56999999999971,-5.682371
1727877698.007,61368,24.56999999999971,-6.134051
1727877699.008,61367,24.56999999999971,-5.035952
1727877700.008,61387,24.56999999999971,-1.4326500000000002
1727877701.008,61391,24.56999999999971,-3.34241
1727877702.007,61390,24.56999999999971,0.15233600000000003
1727877703.007,61399,24.56999999999971,-4.845204
1727877704.008,61410,24.590000000003783,-6.587864000000001
1727877705.007,61419,24.589999999996508,3.91034
1727877706.008,61409,24.589999999996508,5.3291699999999995
1727877707.016,61407,24.590000000003783,2.9964399999999998
1727877708.009,61403,24.589999999996508,3.3732300000000004
1727877709.007,61404,24.589999999996508,-1.53989
1727877710.008,61396,24.56999999999971,3.5255900000000002
1727877711.008,61402,24.589999999996508,-0.5152200000000002
1727877712.008,61402,24.589999999996508,0.14621000000000017
1727877713.007,61404,24.589999999996508,1.9826599999999999
1727877714.008,61393,24.56999999999971,2.17421
1727877715.007,61386,24.56999999999971,3.14309
1727877716.008,61386,24.56999999999971,1.3476599999999999
1727877717.007,61390,24.56999999999971,-4.09871
1727877718.007,61405,24.589999999996508,-5.66313
1727877719.007,61414,24.590000000003783,-5.179575
1727877720.007,61419,24.590000000003783,1.4949
1727877721.008,61420,24.590000000003783,-4.2053009999999995
1727877722.007,61428,24.590000000003783,0.32947099999999985
1727877723.007,61420,24.590000000003783,-2.08607
1727877724.007,61417,24.589999999996508,1.15875
1727877725.008,61424,24.589999999996508,-4.06495
1727877726.008,61433,24.590000000003783,-3.6194699999999997
1727877727.008,61442,24.590000000003783,-3.5342350000000002
1727877728.009,61445,24.589999999996508,-5.71947
1727877729.007,61448,24.610000000000582,-5.680219999999999
1727877730.008,61455,24.610000000000582,-0.4850030000000003
1727877731.007,61458,24.610000000000582,-3.503703
1727877732.007,61450,24.610000000000582,0.581191
1727877733.008,61454,24.610000000000582,-4.64406
1727877734.01,61466,24.610000000000582,-3.7993859999999997
1727877735.007,61468,24.610000000000582,-3.933297
1727877736.007,61468,24.610000000000582,-3.84516
1727877737.008,61468,24.610000000000582,-2.1266700000000003
1727877738.008,61467,24.610000000000582,4.526409
1727877739.008,61466,24.610000000000582,3.4614480000000003
1727877740.008,61467,24.610000000000582,-1.181632
1727877741.007,61468,24.610000000000582,-0.7390199999999998
1727877742.008,61471,24.610000000000582,-0.9271800000000001
1727877743.008,61471,24.609999999993306,1.9790699999999999
1727877744.007,61469,24.609999999993306,3.37504
1727877745.008,61456,24.610000000000582,2.1598900000000003
1727877746.007,61472,24.610000000000582,-5.53051
1727877747.008,61472,24.610000000000582,-4.51951
1727877748.009,61471,24.610000000000582,-4.08628
1727877749.008,61472,24.610000000000582,-4.14599
1727877750.007,61472,24.610000000000582,-1.8013599999999999
1727877751.008,61475,24.610000000000582,-1.9289100000000001
1727877752.008,61477,24.610000000000582,-1.9395
1727877753.007,61475,24.610000000000582,1.24563
1727877754.007,61476,24.610000000000582,-0.055930000000000035
1727877755.007,61476,24.610000000000582,-0.3414900000000003
1727877756.007,61472,24.610000000000582,4.628920000000001
1727877757.008,61473,24.610000000000582,0.7902800000000001
1727877758.008,61477,24.610000000000582,-0.9812400000000001
1727877759.009,61469,24.610000000000582,6.736452
1727877760.008,61472,24.610000000000582,-3.32606
1727877761.008,61472,24.610000000000582,-5.076639999999999
1727877762.008,61476,24.610000000000582,0.4371299999999998
1727877763.007,61470,24.610000000000582,6.978734
1727877764.008,61455,24.610000000000582,4.90459
1727877765.007,61461,24.610000000000582,-5.507843
1727877766.008,61467,24.609999999993306,-0.65401
1727877767.008,61467,24.609999999993306,0.4232799999999999
1727877768.008,61455,24.610000000000582,-0.7643090000000003
1727877769.007,61473,24.610000000000582,-4.533791000000001
1727877770.007,61477,24.610000000000582,-0.5962999999999998
1727877771.009,61476,24.610000000000582,3.9697600000000004
1727877772.009,61468,24.610000000000582,5.0524510000000005
1727877773.007,61466,24.610000000000582,3.29251
1727877774.007,61464,24.610000000000582,1.4566000000000003
1727877775.007,61462,24.610000000000582,0.37192999999999987
1727877776.007,61460,24.610000000000582,1.4068800000000001
1727877777.008,61461,24.610000000000582,0.2646599999999997
1727877778.007,61464,24.610000000000582,-4.6067
1727877779.007,61466,24.610000000000582,-4.28037
1727877780.007,61476,24.610000000000582,-3.28709
1727877781.008,61477,24.610000000000582,1.6972120000000002
1727877782.007,61480,24.610000000000582,4.891781
1727877783.009,61477,24.610000000000582,-4.12152
1727877784.008,61480,24.610000000000582,2.55877
1727877785.007,61476,24.610000000000582,8.17741
1727877786.008,61477,24.610000000000582,-0.4330799999999999
1727877787.007,61478,24.610000000000582,2.75585
1727877788.007,61476,24.610000000000582,5.38823
1727877789.008,61478,24.610000000000582,-6.135762
1727877790.007,61481,24.610000000000582,-2.9107699999999994
1727877791.01,61486,24.610000000000582,-1.83018
1727877792.007,61491,24.610000000000582,1.3854890000000002
1727877793.007,61485,24.610000000000582,1.3497709999999996
1727877794.009,61486,24.610000000000582,-1.7002789999999999
1727877795.009,61495,24.610000000000582,-4.022939
1727877796.007,61496,24.610000000000582,-5.91843
1727877797.007,61501,24.610000000000582,-3.0735419999999998
1727877798.007,61507,24.62999999999738,-5.503322
1727877799.007,61512,24.62999999999738,-6.07364
1727877800.007,61512,24.62999999999738,-1.87665
1727877801.008,61509,24.62999999999738,5.6827499999999995
1727877802.007,61516,24.62999999999738,0.3846400000000001
1727877803.007,61536,24.62999999999738,-1.4506970000000003
1727877804.007,61556,24.650000000001455,1.2810540000000001
1727877805.009,61547,24.630000000004657,-0.57202
1727877806.009,61553,24.64999999999418,-1.02317
1727877807.007,61555,24.650000000001455,-3.5800999999999994
1727877808.008,61555,24.650000000001455,1.0668799999999998
1727877809.008,61556,24.650000000001455,0.38446000000000025
1727877810.008,61544,24.62999999999738,0.36748000000000003
1727877811.008,61554,24.64999999999418,-2.60351
1727877812.008,61554,24.650000000001455,6.348402999999999
1727877813.007,61542,24.62999999999738,6.278072
1727877814.007,61528,24.62999999999738,4.82306
1727877815.008,61524,24.62999999999738,3.2740719999999994
1727877816.008,61522,24.630000000004657,-3.57979
1727877817.008,61530,24.62999999999738,-4.446934000000001
1727877818.008,61531,24.62999999999738,3.9708900000000003
1727877819.008,61528,24.62999999999738,2.30459
1727877820.008,61534,24.62999999999738,-6.667796
1727877821.008,61535,24.630000000004657,1.27201
1727877822.008,61527,24.62999999999738,3.98785
1727877823.007,61527,24.62999999999738,-2.94274
1727877824.008,61527,24.62999999999738,-0.61676
1727877825.008,61528,24.62999999999738,1.6746800000000002
1727877826.007,61519,24.62999999999738,5.607454
1727877827.007,61516,24.62999999999738,4.59122
1727877828.007,61517,24.62999999999738,0.09928999999999988
1727877829.007,61512,24.62999999999738,2.6603250000000003
1727877830.009,61504,24.62999999999738,-2.5815900000000003
1727877831.007,61493,24.610000000000582,2.8769600000000004
1727877832.007,61487,24.610000000000582,0.8937240000000001
1727877833.007,61486,24.610000000000582,3.60417
1727877834.008,61483,24.610000000000582,2.86556
1727877835.008,61486,24.610000000000582,-4.04881
1727877836.007,61486,24.610000000000582,0.05528000000000022
1727877837.008,61482,24.610000000000582,4.825265
1727877838.008,61500,24.62999999999738,-1.1067300000000002
1727877839.008,61499,24.630000000004657,3.94156
1727877840.008,61497,24.630000000004657,4.3221
1727877841.007,61498,24.630000000004657,2.97804
1727877842.009,61504,24.62999999999738,-4.8951009999999995
1727877843.008,61509,24.630000000004657,1.2944600000000002
1727877844.007,61495,24.610000000000582,3.4157409999999997
1727877845.008,61478,24.610000000000582,1.57904
1727877846.008,61482,24.610000000000582,0.18777000000000021
1727877847.007,61489,24.610000000000582,-3.884892
1727877848.007,61495,24.610000000000582,-2.343925
1727877849.012,61499,24.610000000000582,-3.3280010000000004
1727877850.009,61481,24.610000000000582,2.4682899999999997
1727877851.007,61478,24.610000000000582,-6.71275
1727877852.007,61481,24.610000000000582,-3.1124009999999998
1727877853.007,61486,24.610000000000582,-0.01168099999999983
1727877854.007,61487,24.610000000000582,-4.039271
1727877855.008,61500,24.610000000000582,-6.069631
1727877856.007,61499,24.610000000000582,-2.5580709999999995
1727877857.007,61510,24.62999999999738,-5.198250000000001
1727877858.008,61509,24.62999999999738,-1.8583299999999996
1727877859.008,61509,24.62999999999738,-0.9838199999999997
1727877860.007,61511,24.62999999999738,-3.91792
1727877861.009,61523,24.62999999999738,1.5013969999999999
1727877862.009,61515,24.630000000004657,0.3069999999999997
1727877863.008,61508,24.630000000004657,3.3261200000000004
1727877864.007,61508,24.62999999999738,-5.556050000000001
1727877865.008,61510,24.62999999999738,-7.130802
1727877866.009,61513,24.62999999999738,4.741535
1727877867.008,61512,24.630000000004657,1.11247
1727877868.007,61506,24.62999999999738,2.850159
1727877869.007,61496,24.610000000000582,4.768800000000001
1727877870.007,61480,24.610000000000582,3.024523
1727877871.007,61471,24.610000000000582,-1.1025
1727877872.008,61471,24.610000000000582,0.010499999999999954
1727877873.007,61471,24.610000000000582,-0.19181999999999988
1727877874.007,61471,24.610000000000582,-0.9936999999999998
1727877875.007,61480,24.610000000000582,-2.95332
1727877876.007,61490,24.610000000000582,-2.7482100000000003
1727877877.007,61494,24.610000000000582,-6.438711
1727877878.007,61492,24.610000000000582,1.497559
1727877879.008,61495,24.610000000000582,-4.867351
1727877880.007,61496,24.610000000000582,-1.413611
1727877881.008,61494,24.610000000000582,2.377018
1727877882.007,61487,24.610000000000582,3.33678
1727877883.009,61503,24.630000000004657,-4.64514
1727877884.008,61504,24.630000000004657,0.43152999999999975
1727877885.007,61496,24.610000000000582,2.44141
1727877886.007,61489,24.610000000000582,3.277562
1727877887.007,61480,24.610000000000582,0.10728
1727877888.015,61470,24.610000000000582,4.550487
1727877889.011,61464,24.610000000000582,0.03906
1727877890.008,61451,24.610000000000582,-0.656571
1727877891.007,61454,24.610000000000582,-3.31251
1727877892.007,61459,24.610000000000582,4.646671
1727877893.009,61453,24.610000000000582,5.4699
1727877894.007,61444,24.590000000003783,1.7225739999999998
1727877895.008,61444,24.590000000003783,2.429234
1727877896.008,61446,24.590000000003783,-0.5302660000000001
1727877897.007,61446,24.590000000003783,-0.6417360000000001
1727877898.007,61447,24.590000000003783,-2.2093160000000003
1727877899.009,61447,24.590000000003783,-2.1361259999999995
1727877900.008,61449,24.590000000003783,-6.423872
1727877901.007,61450,24.610000000000582,-3.0476100000000006
1727877902.008,61449,24.610000000000582,1.95839
1727877903.008,61449,24.610000000000582,-0.50299
1727877904.007,61450,24.610000000000582,-2.87473
1727877905.009,61447,24.610000000000582,3.94622
1727877906.007,61446,24.590000000003783,1.706871
1727877907.007,61439,24.590000000003783,1.066331
1727877908.008,61434,24.590000000003783,7.293937000000001
1727877909.007,61436,24.590000000003783,-0.32459300000000013
1727877910.007,61433,24.590000000003783,-0.1129330000000004
1727877911.009,61424,24.590000000003783,2.14093
1727877912.007,61426,24.589999999996508,4.8582600000000005
1727877913.007,61418,24.590000000003783,4.348242
