timestamp,symbol,price,size,side,source
1734011515595,SPOT_ETH_USDT,3939.0,0.0018,SELL,0
1734011515595,SPOT_ETH_USDT,3939.01,0.025,BUY,0
1734011515595,SPOT_BTC_USDT,101009.56,0.00015,SELL,0
1734011515595,SPOT_BTC_USDT,101009.57,0.0003,BUY,0
1734011515795,SPOT_BTC_USDT,101009.11,0.016037,SELL,0
1734011515795,SPOT_BTC_USDT,101009.36,0.67499,SELL,0
1734011515795,SPOT_ETH_USDT,3939.01,0.0253,BUY,0
1734011515795,SPOT_ETH_USDT,3939.18,0.058688,BUY,0
1734011515995,SPOT_ETH_USDT,3939.09,0.0001,SELL,0
1734011515995,SPOT_BTC_USDT,101000.13,0.00037,BUY,0
1734011515995,SPOT_BTC_USDT,101001.62,0.03069,SELL,0
1734011515995,SPOT_BTC_USDT,101003.94,0.042204,SELL,0
1734011516195,SPOT_BTC_USDT,101000.12,0.00212,SELL,0
1734011516195,SPOT_BTC_USDT,101000.13,0.00016,BUY,0
1734011516395,SPOT_ETH_USDT,3939.01,0.0726,BUY,0
1734011516395,SPOT_BTC_USDT,101002.8,1e-05,BUY,0
1734011516595,SPOT_BTC_USDT,100995.94,0.1,BUY,0
1734011516795,SPOT_ETH_USDT,3939.01,0.0126,BUY,0
1734011516795,SPOT_BTC_USDT,101000.12,0.0045,SELL,0
1734011516995,SPOT_ETH_USDT,3939.06,0.0001,BUY,0
1734011516995,SPOT_ETH_USDT,3939.01,0.0037,BUY,0
1734011516995,SPOT_BTC_USDT,101003.8,0.0045,SELL,0
1734011517395,SPOT_ETH_USDT,3939.02,0.3337,BUY,0
1734011517395,SPOT_ETH_USDT,3938.98,5.217584,BUY,0
1734011517395,SPOT_BTC_USDT,101000.12,0.00083,SELL,0
1734011517395,SPOT_BTC_USDT,101003.8,4e-05,SELL,0
1734011517595,SPOT_BTC_USDT,100986.3,0.1,SELL,0
1734011517795,SPOT_ETH_USDT,3939.21,1.6428,BUY,0
1734011517795,SPOT_ETH_USDT,3939.25,0.2274,SELL,0
1734011517795,SPOT_BTC_USDT,101000.13,0.00099,BUY,0
1734011518195,SPOT_ETH_USDT,3939.2,0.0014,SELL,0
1734011518395,SPOT_BTC_USDT,101003.8,0.0045,SELL,0
1734011518595,SPOT_BTC_USDT,101003.9,0.016757,BUY,0
1734011518595,SPOT_BTC_USDT,101003.8,1e-05,SELL,0
1734011518595,SPOT_BTC_USDT,101000.13,0.00023,BUY,0
1734011518995,SPOT_BTC_USDT,101000.12,0.00055,SELL,0
1734011519195,SPOT_ETH_USDT,3939.24,0.000255,SELL,0
1734011519195,SPOT_BTC_USDT,101003.8,9.9e-05,SELL,0
1734011519195,SPOT_BTC_USDT,101000.13,0.00693,BUY,0
1734011519195,SPOT_BTC_USDT,101000.12,1.97378,SELL,0
1734011519395,SPOT_ETH_USDT,3939.2,0.0103,SELL,0
1734011519395,SPOT_ETH_USDT,3939.21,0.0001,SELL,0
1734011519395,SPOT_BTC_USDT,101000.06,0.06126,SELL,0
1734011519595,SPOT_ETH_USDT,3938.99,2.6638,SELL,0
1734011519595,SPOT_BTC_USDT,100986.3,0.0001,SELL,0
1734011519595,SPOT_BTC_USDT,100996.06,0.1,BUY,0
1734011519595,SPOT_BTC_USDT,101000.01,0.00119,BUY,0
1734011519595,SPOT_WOO_USDT,0.3054,1081.1,SELL,0
1734011519795,SPOT_ETH_USDT,3938.78,0.050777,SELL,0
1734011519995,SPOT_ETH_USDT,3938.72,0.1066,SELL,0
1734011519995,SPOT_ETH_USDT,3938.54,0.05859,BUY,0
1734011519995,SPOT_ETH_USDT,3938.56,8.3626,SELL,0
1734011519995,SPOT_WOO_USDT,0.3052,697.2,SELL,0
1734011520195,SPOT_BTC_USDT,100997.49,0.0502,BUY,0
1734011520195,SPOT_BTC_USDT,100999.14,0.13935,SELL,0
1734011520195,SPOT_BTC_USDT,101003.8,0.009941,SELL,0
1734011520195,SPOT_ETH_USDT,3938.27,0.0353,BUY,0
1734011520195,SPOT_ETH_USDT,3938.32,0.2455,SELL,0
1734011520395,SPOT_ETH_USDT,3938.22,7.6354,SELL,0
1734011520395,SPOT_ETH_USDT,3937.81,0.0256,BUY,0
1734011520395,SPOT_BTC_USDT,100996.31,0.14781,SELL,0
1734011520395,SPOT_BTC_USDT,100999.9,0.000656,SELL,0
1734011520595,SPOT_ETH_USDT,3938.0,0.354454,SELL,0
1734011520595,SPOT_ETH_USDT,3937.78,0.0756,SELL,0
1734011520595,SPOT_BTC_USDT,100987.52,0.04151,SELL,0
1734011520595,SPOT_BTC_USDT,100982.69,0.136101,SELL,0
1734011520595,SPOT_BTC_USDT,100992.2,0.029705,BUY,0
1734011520795,SPOT_ETH_USDT,3937.61,0.261,SELL,0
1734011520995,SPOT_ETH_USDT,3937.62,1.0,BUY,0
1734011520995,SPOT_BTC_USDT,100985.3,0.004212,SELL,0
1734011520995,SPOT_BTC_USDT,100985.37,0.00166,SELL,0
1734011521195,SPOT_ETH_USDT,3937.68,0.1069,BUY,0
1734011521195,SPOT_BTC_USDT,100985.38,0.00025,BUY,0
1734011521195,SPOT_BTC_USDT,100987.7,1e-05,BUY,0
1734011521395,SPOT_ETH_USDT,3937.79,2.0038,BUY,0
1734011521395,SPOT_BTC_USDT,100985.37,0.00069,SELL,0
1734011521595,SPOT_BTC_USDT,100985.37,9e-05,SELL,0
1734011521795,SPOT_ETH_USDT,3937.6,0.0001,SELL,0
1734011521795,SPOT_ETH_USDT,3937.72,0.1674,SELL,0
1734011521795,SPOT_ETH_USDT,3937.73,0.1199,BUY,0
1734011521795,SPOT_BTC_USDT,100995.3,0.008932,SELL,0
1734011521995,SPOT_ETH_USDT,3937.68,0.248,SELL,0
1734011521995,SPOT_BTC_USDT,100985.37,0.00318,SELL,0
1734011521995,SPOT_BTC_USDT,100985.27,0.00036,SELL,0
1734011522395,SPOT_ETH_USDT,3937.64,0.1416,SELL,0
1734011522395,SPOT_BTC_USDT,100985.38,0.00029,BUY,0
1734011522395,SPOT_BTC_USDT,100985.37,0.01289,SELL,0
1734011522595,SPOT_ETH_USDT,3937.22,6.8342,SELL,0
1734011522595,SPOT_ETH_USDT,3937.59,6.027957,SELL,0
1734011522595,SPOT_WOO_USDT,0.30491,1487.5,SELL,0
1734011522595,SPOT_BTC_USDT,100985.7,0.029871,SELL,0
1734011522595,SPOT_BTC_USDT,100982.78,0.1,BUY,0
1734011522595,SPOT_BTC_USDT,100983.77,0.14244,SELL,0
1734011522795,SPOT_ETH_USDT,3936.83,0.0001,BUY,0
1734011522795,SPOT_BTC_USDT,100977.94,0.147144,SELL,0
1734011522795,SPOT_BTC_USDT,100973.94,0.07255,SELL,0
1734011522995,SPOT_BTC_USDT,100971.9,0.02441,SELL,0
1734011522995,SPOT_BTC_USDT,100970.58,0.00098,SELL,0
1734011523195,SPOT_BTC_USDT,100970.39,0.09638,SELL,0
1734011523395,SPOT_ETH_USDT,3936.87,10.0843,BUY,0
1734011523395,SPOT_ETH_USDT,3936.73,0.0102,SELL,0
1734011523395,SPOT_ETH_USDT,3936.87,0.000255,BUY,0
1734011523595,SPOT_ETH_USDT,3937.15,0.3048,SELL,0
1734011523595,SPOT_ETH_USDT,3937.11,2.889486,BUY,0
1734011523595,SPOT_BTC_USDT,100970.8,0.014022,BUY,0
1734011523595,SPOT_BTC_USDT,100969.38,0.00048,SELL,0
1734011523795,SPOT_ETH_USDT,3937.16,0.144,BUY,0
1734011523795,SPOT_BTC_USDT,100971.83,0.519201,SELL,0
1734011523995,SPOT_ETH_USDT,3937.46,0.000355,SELL,0
1734011523995,SPOT_ETH_USDT,3937.15,0.0123,SELL,0
1734011524195,SPOT_ETH_USDT,3937.16,0.0961,BUY,0
1734011524195,SPOT_ETH_USDT,3937.15,0.0013,SELL,0
1734011524195,SPOT_BTC_USDT,100969.39,0.00459,BUY,0
1734011524395,SPOT_ETH_USDT,3937.67,0.000405,BUY,0
1734011524395,SPOT_ETH_USDT,3937.39,0.3293,SELL,0
1734011524395,SPOT_BTC_USDT,100969.38,0.00015,SELL,0
1734011524595,SPOT_ETH_USDT,3937.49,0.047,SELL,0
1734011524795,SPOT_BTC_USDT,100973.5,1e-05,SELL,0
1734011524995,SPOT_ETH_USDT,3937.49,0.0026,SELL,0
1734011524995,SPOT_BTC_USDT,100969.38,0.01389,SELL,0
1734011525195,SPOT_ETH_USDT,3937.49,0.0055,SELL,0
1734011525195,SPOT_ETH_USDT,3937.55,0.0001,BUY,0
1734011525395,SPOT_ETH_USDT,3937.5,10.1207,BUY,0
1734011525595,SPOT_ETH_USDT,3937.51,1.4484,BUY,0
1734011525595,SPOT_BTC_USDT,100973.5,0.001689,SELL,0
1734011525595,SPOT_WOO_USDT,0.3051,837.0,BUY,0
1734011525795,SPOT_ETH_USDT,3937.59,0.0098,BUY,0
1734011525795,SPOT_BTC_USDT,100969.38,0.00034,SELL,0
1734011525795,SPOT_BTC_USDT,100978.08,0.1,BUY,0
1734011525995,SPOT_ETH_USDT,3937.58,0.3671,SELL,0
1734011525995,SPOT_BTC_USDT,100974.63,0.010312,SELL,0
1734011525995,SPOT_BTC_USDT,100969.38,0.00717,SELL,0
1734011526195,SPOT_ETH_USDT,3937.32,0.0001,SELL,0
1734011526195,SPOT_BTC_USDT,100969.38,0.00013,SELL,0
1734011526395,SPOT_ETH_USDT,3937.66,0.000255,BUY,0
1734011526395,SPOT_BTC_USDT,100969.38,0.00026,SELL,0
1734011526395,SPOT_BTC_USDT,100970.0,0.002823,SELL,0
1734011526595,SPOT_ETH_USDT,3937.33,1.1977,SELL,0
1734011526595,SPOT_BTC_USDT,100968.86,0.13316,SELL,0
1734011526595,SPOT_BTC_USDT,100969.39,0.00069,BUY,0
1734011526595,SPOT_BTC_USDT,100967.77,0.051081,SELL,0
1734011526795,SPOT_ETH_USDT,3937.07,0.005,BUY,0
1734011526795,SPOT_BTC_USDT,100951.82,0.103075,SELL,0
1734011526795,SPOT_BTC_USDT,100962.9,0.01439,SELL,0
1734011526995,SPOT_ETH_USDT,3936.66,21.4789,SELL,0
1734011526995,SPOT_WOO_USDT,0.305,819.2,SELL,0
1734011526995,SPOT_BTC_USDT,100958.17,0.676879,SELL,0
1734011526995,SPOT_BTC_USDT,100959.37,0.22894,SELL,0
1734011526995,SPOT_BTC_USDT,100952.72,0.00327,BUY,0
1734011527195,SPOT_ETH_USDT,3937.0,0.0001,BUY,0
1734011527195,SPOT_BTC_USDT,100947.43,0.103593,SELL,0
1734011527195,SPOT_WOO_USDT,0.3049,89.0,SELL,0
1734011527395,SPOT_ETH_USDT,3936.67,3.134486,SELL,0
1734011527395,SPOT_ETH_USDT,3936.51,0.0175,SELL,0
1734011527395,SPOT_ETH_USDT,3936.51,0.007,BUY,0
1734011527395,SPOT_WOO_USDT,0.3049,349.4,SELL,0
1734011527395,SPOT_BTC_USDT,100941.3,0.00087,SELL,0
1734011527395,SPOT_BTC_USDT,100942.95,0.02432,SELL,0
1734011527595,SPOT_ETH_USDT,3936.51,0.022,BUY,0
1734011527595,SPOT_ETH_USDT,3936.5,0.751397,SELL,0
1734011527595,SPOT_BTC_USDT,100940.1,0.10571,SELL,0
1734011527795,SPOT_ETH_USDT,3936.67,0.000255,BUY,0
1734011527795,SPOT_ETH_USDT,3936.49,0.000255,SELL,0
1734011527795,SPOT_ETH_USDT,3936.51,1.1302,BUY,0
1734011527795,SPOT_BTC_USDT,100948.6,0.00606,SELL,0
1734011527795,SPOT_BTC_USDT,100939.99,0.00094,BUY,0
1734011527995,SPOT_BTC_USDT,100942.3,1e-05,BUY,0
1734011527995,SPOT_BTC_USDT,100940.0,1e-05,SELL,0
1734011527995,SPOT_BTC_USDT,100939.99,0.01485,BUY,0
1734011528195,SPOT_ETH_USDT,3936.5,0.0193,SELL,0
1734011528195,SPOT_ETH_USDT,3936.44,0.02795,SELL,0
1734011528195,SPOT_BTC_USDT,100939.99,0.00067,BUY,0
1734011528195,SPOT_BTC_USDT,100956.96,0.006036,SELL,0
1734011528395,SPOT_ETH_USDT,3936.5,0.3102,SELL,0
1734011528395,SPOT_BTC_USDT,100939.99,0.00012,BUY,0
1734011528395,SPOT_BTC_USDT,100956.96,0.00459,SELL,0
1734011528595,SPOT_ETH_USDT,3936.48,0.0014,SELL,0
1734011528595,SPOT_BTC_USDT,100939.98,0.00315,SELL,0
1734011528795,SPOT_ETH_USDT,3936.49,1.7982,BUY,0
1734011528795,SPOT_BTC_USDT,100956.97,0.1,BUY,0
1734011528995,SPOT_ETH_USDT,3936.59,0.7342,BUY,0
1734011529395,SPOT_ETH_USDT,3936.79,0.0127,BUY,0
1734011529595,SPOT_ETH_USDT,3936.78,0.0433,SELL,0
1734011529595,SPOT_ETH_USDT,3936.79,0.063,BUY,0
1734011529795,SPOT_BTC_USDT,100956.96,0.001957,SELL,0
1734011529795,SPOT_BTC_USDT,100939.98,0.14903,SELL,0
1734011529795,SPOT_BTC_USDT,100939.99,0.00084,BUY,0
1734011529795,SPOT_BTC_USDT,100942.4,1e-05,SELL,0
1734011529795,SPOT_BTC_USDT,100942.5,9.8e-05,BUY,0
1734011529795,SPOT_BTC_USDT,100939.98,0.001,SELL,0
1734011529795,SPOT_BTC_USDT,100942.4,0.000659,SELL,0
1734011529995,SPOT_ETH_USDT,3936.78,0.5046,SELL,0
1734011529995,SPOT_BTC_USDT,100932.33,0.10286,SELL,0
1734011529995,SPOT_BTC_USDT,100939.98,0.001,SELL,0
1734011530195,SPOT_ETH_USDT,3936.97,1.5644,BUY,0
1734011530195,SPOT_BTC_USDT,100942.4,1e-05,SELL,0
1734011530195,SPOT_BTC_USDT,100942.5,0.02412,BUY,0
1734011530195,SPOT_BTC_USDT,100939.99,0.0005,BUY,0
1734011530395,SPOT_ETH_USDT,3937.52,0.001739,BUY,0
1734011530395,SPOT_ETH_USDT,3937.33,1.6243,BUY,0
1734011530395,SPOT_BTC_USDT,100939.98,0.00041,SELL,0
1734011530395,SPOT_BTC_USDT,100942.5,0.013569,BUY,0
1734011530595,SPOT_ETH_USDT,3937.52,0.119186,BUY,0
1734011530595,SPOT_ETH_USDT,3937.5,0.4388,BUY,0
1734011530595,SPOT_BTC_USDT,100939.98,8e-05,SELL,0
1734011530795,SPOT_ETH_USDT,3937.6,1.7145,BUY,0
1734011530795,SPOT_BTC_USDT,100939.99,0.0055,BUY,0
1734011530995,SPOT_ETH_USDT,3937.73,1.2788,BUY,0
1734011530995,SPOT_ETH_USDT,3937.59,4.937802,BUY,0
1734011530995,SPOT_BTC_USDT,100942.04,0.29541,BUY,0
1734011530995,SPOT_BTC_USDT,100944.89,0.00099,SELL,0
1734011530995,SPOT_BTC_USDT,100945.13,0.008895,BUY,0
1734011531195,SPOT_BTC_USDT,100952.29,0.02612,BUY,0
1734011531395,SPOT_ETH_USDT,3938.01,0.4525,BUY,0
1734011531395,SPOT_BTC_USDT,100959.5,0.02412,SELL,0
1734011531395,SPOT_BTC_USDT,100955.99,0.0002,SELL,0
1734011531595,SPOT_ETH_USDT,3938.26,9.7691,BUY,0
1734011531595,SPOT_ETH_USDT,3937.59,3.155551,BUY,0
1734011531595,SPOT_BTC_USDT,100956.04,0.30367,BUY,0
1734011531595,SPOT_BTC_USDT,100955.99,0.00039,SELL,0
1734011531595,SPOT_BTC_USDT,100959.5,0.013569,SELL,0
1734011531595,SPOT_WOO_USDT,0.3053,670.3,BUY,0
1734011531795,SPOT_ETH_USDT,3938.28,8.3801,BUY,0
1734011531795,SPOT_ETH_USDT,3938.52,0.005,SELL,0
1734011531795,SPOT_BTC_USDT,100961.88,0.02092,BUY,0
1734011531795,SPOT_BTC_USDT,100964.6,0.001,SELL,0
1734011531795,SPOT_BTC_USDT,100959.6,0.006304,BUY,0
1734011531995,SPOT_ETH_USDT,3938.6,0.1,BUY,0
1734011531995,SPOT_BTC_USDT,100962.62,0.00192,SELL,0
1734011531995,SPOT_BTC_USDT,100964.22,0.128659,BUY,0
1734011532195,SPOT_BTC_USDT,100962.63,0.00568,BUY,0
1734011532395,SPOT_ETH_USDT,3938.21,0.0001,BUY,0
1734011532395,SPOT_ETH_USDT,3938.59,15.1647,SELL,0
1734011532395,SPOT_BTC_USDT,100960.1,1e-05,SELL,0
1734011532595,SPOT_ETH_USDT,3938.06,0.000255,SELL,0
1734011532595,SPOT_ETH_USDT,3938.14,8.8407,SELL,0
1734011532595,SPOT_BTC_USDT,100961.27,1.5123,SELL,0
1734011532595,SPOT_BTC_USDT,100968.02,1.929006,SELL,0
1734011532595,SPOT_WOO_USDT,0.305,2242.8,SELL,0
1734011532795,SPOT_ETH_USDT,3937.71,0.0086,SELL,0
1734011532795,SPOT_ETH_USDT,3937.72,0.0208,BUY,0
1734011532795,SPOT_ETH_USDT,3937.62,0.076234,BUY,0
1734011532795,SPOT_BTC_USDT,100949.21,0.0247,SELL,0
1734011532795,SPOT_BTC_USDT,100944.01,0.01046,BUY,0
1734011532795,SPOT_BTC_USDT,100947.7,0.005138,SELL,0
1734011532995,SPOT_ETH_USDT,3937.71,0.0917,SELL,0
1734011532995,SPOT_BTC_USDT,100940.3,0.020811,BUY,0
1734011532995,SPOT_BTC_USDT,100932.21,0.149604,SELL,0
1734011532995,SPOT_BTC_USDT,100943.16,0.00586,SELL,0
1734011533195,SPOT_ETH_USDT,3937.72,0.0121,BUY,0
1734011533195,SPOT_BTC_USDT,100959.01,0.00115,SELL,0
1734011533195,SPOT_BTC_USDT,100932.3,0.00087,BUY,0
1734011533395,SPOT_ETH_USDT,3937.61,0.0001,SELL,0
1734011533395,SPOT_BTC_USDT,100940.21,1e-05,SELL,0
1734011533595,SPOT_ETH_USDT,3937.73,3.1778,BUY,0
1734011533595,SPOT_ETH_USDT,3938.19,0.000151,BUY,0
1734011533595,SPOT_BTC_USDT,100943.01,0.00985,BUY,0
1734011533795,SPOT_ETH_USDT,3938.0,0.0214,BUY,0
1734011533795,SPOT_ETH_USDT,3937.99,0.0254,SELL,0
1734011533795,SPOT_BTC_USDT,100943.0,0.0005,SELL,0
1734011533995,SPOT_ETH_USDT,3938.08,5.5273,BUY,0
1734011533995,SPOT_BTC_USDT,100943.01,0.00448,BUY,0
1734011534195,SPOT_ETH_USDT,3938.62,13.103,BUY,0
1734011534195,SPOT_ETH_USDT,3938.55,5.541452,BUY,0
1734011534195,SPOT_BTC_USDT,100943.18,0.55001,BUY,0
1734011534195,SPOT_BTC_USDT,100943.0,0.00202,SELL,0
1734011534195,SPOT_BTC_USDT,100947.09,0.064345,BUY,0
1734011534195,SPOT_WOO_USDT,0.3052,811.3,BUY,0
1734011534395,SPOT_ETH_USDT,3939.0,1.299607,BUY,0
1734011534395,SPOT_ETH_USDT,3938.99,0.0078,SELL,0
1734011534395,SPOT_ETH_USDT,3938.94,0.1,BUY,0
1734011534395,SPOT_BTC_USDT,100954.03,0.01636,BUY,0
1734011534395,SPOT_BTC_USDT,100954.44,0.016025,BUY,0
1734011534595,SPOT_ETH_USDT,3938.94,0.2,BUY,0
1734011534595,SPOT_BTC_USDT,100957.59,0.00914,SELL,0
1734011534795,SPOT_ETH_USDT,3939.0,0.736112,BUY,0
1734011534795,SPOT_BTC_USDT,100957.6,7e-05,BUY,0
1734011534995,SPOT_ETH_USDT,3938.96,7.6331,BUY,0
1734011534995,SPOT_ETH_USDT,3939.27,0.033475,BUY,0
1734011534995,SPOT_WOO_USDT,0.3053,818.68,BUY,0
1734011534995,SPOT_WOO_USDT,0.3052,198.6,BUY,0
1734011534995,SPOT_BTC_USDT,100961.29,0.113182,BUY,0
1734011535195,SPOT_ETH_USDT,3939.16,0.2,BUY,0
1734011535195,SPOT_BTC_USDT,100957.59,0.0009,SELL,0
1734011535395,SPOT_ETH_USDT,3939.46,3.0,BUY,0
1734011535395,SPOT_ETH_USDT,3939.16,0.1,BUY,0
1734011535595,SPOT_ETH_USDT,3939.16,1.4883,BUY,0
1734011535795,SPOT_ETH_USDT,3939.2,2.4269,BUY,0
1734011535995,SPOT_ETH_USDT,3939.37,0.346,BUY,0
1734011536195,SPOT_ETH_USDT,3939.4,0.356,BUY,0
1734011536395,SPOT_ETH_USDT,3939.44,0.2,BUY,0
1734011536395,SPOT_BTC_USDT,100957.9,0.004404,BUY,0
1734011536395,SPOT_BTC_USDT,100957.8,0.000105,SELL,0
1734011536395,SPOT_WOO_USDT,0.3052,333.9,SELL,0
1734011536595,SPOT_ETH_USDT,3939.44,0.1,BUY,0
1734011536795,SPOT_ETH_USDT,3939.44,0.1,BUY,0
1734011536995,SPOT_ETH_USDT,3939.43,0.1015,SELL,0
1734011536995,SPOT_ETH_USDT,3939.44,0.2,BUY,0
1734011537195,SPOT_ETH_USDT,3939.57,3.5375,BUY,0
1734011537195,SPOT_ETH_USDT,3939.49,0.139,SELL,0
1734011537195,SPOT_ETH_USDT,3939.46,1.927802,BUY,0
1734011537195,SPOT_WOO_USDT,0.3053,818.7,BUY,0
1734011537195,SPOT_BTC_USDT,100968.01,1e-05,SELL,0
1734011537195,SPOT_BTC_USDT,100962.73,0.120672,BUY,0
1734011537195,SPOT_BTC_USDT,100959.55,0.1901,BUY,0
1734011537395,SPOT_ETH_USDT,3939.89,0.1273,SELL,0
1734011537395,SPOT_ETH_USDT,3939.9,0.1,BUY,0
1734011537395,SPOT_BTC_USDT,100966.81,0.00288,BUY,0
1734011537395,SPOT_BTC_USDT,100966.28,0.05679,SELL,0
1734011537595,SPOT_ETH_USDT,3939.89,10.2538,SELL,0
1734011537595,SPOT_ETH_USDT,3939.9,0.2054,BUY,0
1734011537595,SPOT_BTC_USDT,100967.98,0.00128,BUY,0
1734011537795,SPOT_ETH_USDT,3939.9,0.1021,BUY,0
1734011537995,SPOT_ETH_USDT,3939.9,0.1,BUY,0
1734011537995,SPOT_BTC_USDT,100967.97,0.00418,SELL,0
1734011537995,SPOT_BTC_USDT,100975.29,0.127173,BUY,0
1734011538195,SPOT_ETH_USDT,3939.9,0.1117,BUY,0
1734011538195,SPOT_BTC_USDT,100967.97,0.00978,SELL,0
1734011538395,SPOT_ETH_USDT,3940.3,0.0167,SELL,0
1734011538395,SPOT_ETH_USDT,3940.01,13.1356,BUY,0
1734011538395,SPOT_ETH_USDT,3940.05,3.00781,BUY,0
1734011538395,SPOT_WOO_USDT,0.30545,1016.8,BUY,0
1734011538395,SPOT_WOO_USDT,0.30536,2173.6,BUY,0
1734011538395,SPOT_BTC_USDT,100968.64,0.18685,BUY,0
1734011538595,SPOT_ETH_USDT,3940.56,10.3389,SELL,0
1734011538595,SPOT_ETH_USDT,3940.42,1.0679,BUY,0
1734011538595,SPOT_ETH_USDT,3940.39,4.90141,BUY,0
1734011538595,SPOT_BTC_USDT,100981.14,0.974696,BUY,0
1734011538595,SPOT_BTC_USDT,100981.56,3.13424,BUY,0
1734011538595,SPOT_BTC_USDT,100973.54,0.00332,SELL,0
1734011538795,SPOT_BTC_USDT,100976.76,0.012889,BUY,0
1734011538795,SPOT_BTC_USDT,100986.22,0.03606,BUY,0
1734011538795,SPOT_BTC_USDT,100986.55,0.0007,SELL,0
1734011538795,SPOT_ETH_USDT,3940.7,1.1918,BUY,0
1734011538995,SPOT_ETH_USDT,3940.73,0.118,BUY,0
1734011538995,SPOT_ETH_USDT,3940.67,0.2539,SELL,0
1734011538995,SPOT_BTC_USDT,100988.66,0.04081,BUY,0
1734011538995,SPOT_BTC_USDT,100978.65,0.000826,BUY,0
1734011539195,SPOT_ETH_USDT,3940.73,0.2,BUY,0
1734011539195,SPOT_ETH_USDT,3940.67,0.0101,SELL,0
1734011539195,SPOT_BTC_USDT,100987.4,0.002545,SELL,0
1734011539395,SPOT_ETH_USDT,3940.73,0.349,BUY,0
1734011539395,SPOT_BTC_USDT,100991.86,0.00284,BUY,0
1734011539395,SPOT_BTC_USDT,100988.2,0.000281,BUY,0
1734011539595,SPOT_ETH_USDT,3940.8,0.073312,BUY,0
1734011539595,SPOT_ETH_USDT,3940.73,0.2392,BUY,0
1734011539595,SPOT_BTC_USDT,100988.98,0.076761,BUY,0
1734011539595,SPOT_BTC_USDT,100995.2,2e-05,SELL,0
1734011539595,SPOT_BTC_USDT,100991.99,0.12357,SELL,0
1734011539595,SPOT_BTC_USDT,100991.99,0.00392,BUY,0
1734011539795,SPOT_ETH_USDT,3940.73,0.2,BUY,0
1734011539795,SPOT_ETH_USDT,3940.79,0.00477,SELL,0
1734011539795,SPOT_BTC_USDT,100992.0,0.00015,BUY,0
1734011539795,SPOT_BTC_USDT,100971.88,0.001,BUY,0
1734011539795,SPOT_BTC_USDT,100995.7,0.000101,SELL,0
1734011539995,SPOT_ETH_USDT,3940.73,0.1,BUY,0
1734011540195,SPOT_ETH_USDT,3940.72,0.0366,SELL,0
1734011540195,SPOT_ETH_USDT,3940.73,0.1689,BUY,0
1734011540195,SPOT_BTC_USDT,100992.0,0.00035,BUY,0
1734011540195,SPOT_BTC_USDT,100991.99,0.00027,SELL,0
1734011540395,SPOT_ETH_USDT,3940.73,0.2,BUY,0
1734011540395,SPOT_BTC_USDT,100992.0,0.00379,BUY,0
1734011540395,SPOT_BTC_USDT,100996.3,0.009649,BUY,0
1734011540595,SPOT_ETH_USDT,3940.73,0.7684,BUY,0
1734011540595,SPOT_BTC_USDT,100992.0,0.04481,BUY,0
1734011540595,SPOT_BTC_USDT,100991.99,0.00021,SELL,0
1734011540795,SPOT_BTC_USDT,100998.1,0.0002,SELL,0
1734011540795,SPOT_ETH_USDT,3940.41,0.0999,SELL,0
1734011540795,SPOT_ETH_USDT,3940.68,1.4556,SELL,0
1734011540995,SPOT_ETH_USDT,3940.46,0.0018,BUY,0
1734011540995,SPOT_BTC_USDT,101004.06,0.100699,BUY,0
1734011541195,SPOT_ETH_USDT,3940.45,0.063,SELL,0
1734011541195,SPOT_ETH_USDT,3940.46,0.0158,BUY,0
1734011541195,SPOT_ETH_USDT,3939.77,0.0802,SELL,0
1734011541395,SPOT_ETH_USDT,3940.22,0.0001,BUY,0
1734011541395,SPOT_BTC_USDT,100991.99,0.00051,SELL,0
1734011541595,SPOT_ETH_USDT,3940.51,0.1287,BUY,0
1734011541595,SPOT_BTC_USDT,100992.0,0.2176,BUY,0
1734011541795,SPOT_ETH_USDT,3940.72,0.2,BUY,0
1734011541795,SPOT_ETH_USDT,3940.73,0.013,SELL,0
1734011541795,SPOT_BTC_USDT,100991.99,0.04,SELL,0
1734011541795,SPOT_BTC_USDT,100992.0,4e-05,BUY,0
1734011541995,SPOT_ETH_USDT,3940.74,0.4261,BUY,0
1734011541995,SPOT_ETH_USDT,3940.79,0.005,SELL,0
1734011541995,SPOT_BTC_USDT,100991.99,0.0002,SELL,0
1734011542195,SPOT_ETH_USDT,3940.74,0.1,BUY,0
1734011542395,SPOT_ETH_USDT,3940.73,0.0015,SELL,0
1734011542395,SPOT_ETH_USDT,3940.74,0.1,BUY,0
1734011542595,SPOT_ETH_USDT,3940.62,1.9214,SELL,0
1734011542795,SPOT_ETH_USDT,3940.4,0.2755,SELL,0
1734011542795,SPOT_ETH_USDT,3940.79,0.185456,SELL,0
1734011542795,SPOT_BTC_USDT,100988.3,3e-05,BUY,0
1734011542795,SPOT_BTC_USDT,100997.31,0.02481,SELL,0
1734011542795,SPOT_BTC_USDT,100991.99,0.00027,SELL,0
1734011543195,SPOT_ETH_USDT,3940.24,4.1205,SELL,0
1734011543195,SPOT_ETH_USDT,3940.03,0.0761,BUY,0
1734011543195,SPOT_ETH_USDT,3939.68,0.023281,BUY,0
1734011543195,SPOT_ETH_USDT,3940.03,0.1735,SELL,0
1734011543195,SPOT_BTC_USDT,100988.14,0.00306,BUY,0
1734011543195,SPOT_BTC_USDT,100987.8,0.034467,SELL,0
1734011543195,SPOT_BTC_USDT,100991.03,0.52108,SELL,0
1734011543195,SPOT_BTC_USDT,100977.75,0.00079,BUY,0
1734011543395,SPOT_ETH_USDT,3939.73,0.0614,BUY,0
1734011543395,SPOT_ETH_USDT,3939.72,0.0014,SELL,0
1734011543395,SPOT_BTC_USDT,100986.93,0.009564,SELL,0
1734011543395,SPOT_BTC_USDT,100977.67,0.12818,SELL,0
1734011543595,SPOT_ETH_USDT,3939.72,0.7324,SELL,0
1734011543595,SPOT_BTC_USDT,100977.21,0.11842,SELL,0
1734011543595,SPOT_BTC_USDT,100974.9,0.000267,SELL,0
1734011543795,SPOT_ETH_USDT,3939.82,0.000255,BUY,0
1734011543795,SPOT_ETH_USDT,3939.73,0.0376,BUY,0
1734011543795,SPOT_BTC_USDT,100977.21,0.00011,SELL,0
1734011543995,SPOT_ETH_USDT,3939.99,0.0185,SELL,0
1734011543995,SPOT_ETH_USDT,3939.87,0.1214,BUY,0
1734011543995,SPOT_BTC_USDT,100980.3,1e-05,SELL,0
1734011543995,SPOT_BTC_USDT,100993.97,0.10005,BUY,0
1734011543995,SPOT_BTC_USDT,100977.22,0.00145,BUY,0
1734011544195,SPOT_BTC_USDT,100979.26,0.08628,BUY,0
1734011544195,SPOT_BTC_USDT,100977.21,0.0002,SELL,0
1734011544195,SPOT_BTC_USDT,100980.5,0.010828,BUY,0
1734011544195,SPOT_ETH_USDT,3940.21,0.3024,BUY,0
1734011544395,SPOT_ETH_USDT,3940.39,0.4229,BUY,0
1734011544395,SPOT_BTC_USDT,100985.02,0.00014,BUY,0
1734011544595,SPOT_ETH_USDT,3940.56,0.809,BUY,0
1734011544595,SPOT_BTC_USDT,100985.01,0.00084,SELL,0
1734011544795,SPOT_ETH_USDT,3940.79,0.2574,BUY,0
1734011544795,SPOT_BTC_USDT,100985.01,0.00128,SELL,0
1734011544995,SPOT_ETH_USDT,3940.8,0.1,BUY,0
1734011544995,SPOT_BTC_USDT,100985.01,0.00022,SELL,0
1734011544995,SPOT_BTC_USDT,100971.2,0.1,SELL,0
1734011545195,SPOT_ETH_USDT,3940.79,0.1246,SELL,0
1734011545195,SPOT_ETH_USDT,3940.8,0.1135,BUY,0
1734011545195,SPOT_BTC_USDT,100985.01,0.00066,SELL,0
1734011545195,SPOT_BTC_USDT,100990.6,0.000143,SELL,0
1734011545395,SPOT_ETH_USDT,3940.6,0.176659,SELL,0
1734011545395,SPOT_ETH_USDT,3940.79,0.155,SELL,0
1734011545395,SPOT_BTC_USDT,100971.2,0.00194,SELL,0
1734011545595,SPOT_BTC_USDT,100985.48,0.07298,BUY,0
1734011545795,SPOT_ETH_USDT,3940.67,0.7201,SELL,0
1734011545795,SPOT_ETH_USDT,3940.78,0.055926,BUY,0
1734011545795,SPOT_BTC_USDT,100999.81,0.316212,SELL,0
1734011545795,SPOT_BTC_USDT,100992.69,0.0002,SELL,0
1734011545795,SPOT_BTC_USDT,100992.52,0.00024,BUY,0
1734011545995,SPOT_ETH_USDT,3940.64,0.2,BUY,0
1734011545995,SPOT_ETH_USDT,3940.63,2.4533,SELL,0
1734011545995,SPOT_BTC_USDT,100992.7,0.00132,BUY,0
1734011546195,SPOT_ETH_USDT,3940.64,0.1,BUY,0
1734011546195,SPOT_BTC_USDT,100990.8,0.0003,BUY,0
1734011546595,SPOT_ETH_USDT,3940.64,0.1,BUY,0
1734011546595,SPOT_ETH_USDT,3940.59,0.00088,SELL,0
1734011546795,SPOT_ETH_USDT,3940.64,0.1,BUY,0
1734011546795,SPOT_ETH_USDT,3940.63,3.6352,SELL,0
1734011546795,SPOT_BTC_USDT,100999.57,0.1,BUY,0
1734011546795,SPOT_BTC_USDT,100990.71,1e-05,SELL,0
1734011546795,SPOT_BTC_USDT,100992.69,0.00063,SELL,0
1734011546995,SPOT_ETH_USDT,3940.74,0.4714,BUY,0
1734011546995,SPOT_ETH_USDT,3940.79,0.955539,SELL,0
1734011546995,SPOT_BTC_USDT,100990.8,0.001,BUY,0
1734011546995,SPOT_WOO_USDT,0.30567,1086.83,BUY,0
1734011547195,SPOT_ETH_USDT,3940.99,2.302,BUY,0
1734011547395,SPOT_ETH_USDT,3941.21,0.2082,BUY,0
1734011547395,SPOT_ETH_USDT,3941.2,0.0013,SELL,0
1734011547595,SPOT_ETH_USDT,3941.07,0.197,SELL,0
1734011547595,SPOT_WOO_USDT,0.3056,17.8,SELL,0
1734011547595,SPOT_BTC_USDT,100992.7,0.00229,BUY,0
1734011547595,SPOT_BTC_USDT,100992.69,0.01369,SELL,0
1734011547995,SPOT_ETH_USDT,3941.2,0.5,SELL,0
1734011548195,SPOT_ETH_USDT,3940.91,0.0001,BUY,0
1734011548395,SPOT_ETH_USDT,3941.08,0.059,SELL,0
1734011548395,SPOT_ETH_USDT,3940.91,0.023281,BUY,0
1734011548595,SPOT_ETH_USDT,3940.83,0.016,SELL,0
1734011548595,SPOT_BTC_USDT,100992.7,0.026667,SELL,0
1734011548595,SPOT_BTC_USDT,100992.7,0.00063,BUY,0
1734011548795,SPOT_ETH_USDT,3940.71,0.2052,SELL,0
1734011548795,SPOT_ETH_USDT,3940.84,0.0503,BUY,0
1734011548795,SPOT_BTC_USDT,100992.69,0.05055,SELL,0
1734011548995,SPOT_ETH_USDT,3940.6,0.002537,BUY,0
1734011548995,SPOT_ETH_USDT,3940.61,0.0317,BUY,0
1734011548995,SPOT_BTC_USDT,100992.6,0.000517,SELL,0
1734011549195,SPOT_BTC_USDT,100992.69,7e-05,SELL,0
1734011549195,SPOT_BTC_USDT,100992.7,0.0006,BUY,0
1734011549395,SPOT_BTC_USDT,100992.69,0.00078,SELL,0
1734011549595,SPOT_BTC_USDT,100992.69,0.0016,SELL,0
1734011549795,SPOT_BTC_USDT,100999.09,0.1,BUY,0
1734011549995,SPOT_ETH_USDT,3941.2,2.1094,BUY,0
1734011549995,SPOT_ETH_USDT,3941.2,0.1187,BUY,0
1734011549995,SPOT_ETH_USDT,3941.19,1.0,SELL,0
1734011549995,SPOT_ETH_USDT,3941.2,0.2024,BUY,0
1734011549995,SPOT_ETH_USDT,3941.1,0.1,BUY,0
1734011549995,SPOT_ETH_USDT,3940.61,6.8854,BUY,0
1734011549995,SPOT_ETH_USDT,3940.61,0.000255,BUY,0
1734011549995,SPOT_ETH_USDT,3940.59,0.0001,SELL,0
1734011550195,SPOT_ETH_USDT,3941.21,0.4348,BUY,0
1734011550195,SPOT_BTC_USDT,100992.69,0.00015,SELL,0
1734011550395,SPOT_ETH_USDT,3941.36,3.9844,BUY,0
1734011550395,SPOT_ETH_USDT,3941.21,0.1707,SELL,0
1734011550395,SPOT_ETH_USDT,3941.33,5.118385,BUY,0
1734011550395,SPOT_BTC_USDT,100992.69,0.00048,SELL,0
1734011550395,SPOT_WOO_USDT,0.3056,817.8,BUY,0
1734011550595,SPOT_ETH_USDT,3941.58,0.1688,BUY,0
1734011550595,SPOT_BTC_USDT,100992.7,0.00131,BUY,0
1734011550795,SPOT_ETH_USDT,3941.76,0.3211,BUY,0
1734011550795,SPOT_ETH_USDT,3941.67,0.3515,BUY,0
1734011550795,SPOT_BTC_USDT,100973.82,0.110046,SELL,0
1734011550795,SPOT_WOO_USDT,0.3058,780.3,BUY,0
1734011550795,SPOT_WOO_USDT,0.3056,10.0,SELL,0
1734011550995,SPOT_ETH_USDT,3941.99,0.1008,SELL,0
1734011550995,SPOT_ETH_USDT,3941.95,0.3637,BUY,0
1734011550995,SPOT_ETH_USDT,3942.02,5.526076,BUY,0
1734011550995,SPOT_BTC_USDT,100995.6,0.06665,BUY,0
1734011550995,SPOT_BTC_USDT,100999.57,0.002498,BUY,0
1734011551195,SPOT_ETH_USDT,3942.0,1.5188,BUY,0
1734011551195,SPOT_ETH_USDT,3941.99,0.3901,SELL,0
1734011551195,SPOT_BTC_USDT,100999.99,0.00048,SELL,0
1734011551195,SPOT_WOO_USDT,0.3058,817.3,BUY,0
1734011551395,SPOT_ETH_USDT,3942.26,0.2798,BUY,0
1734011551395,SPOT_ETH_USDT,3942.01,0.0001,BUY,0
1734011551395,SPOT_ETH_USDT,3942.22,18.496805,SELL,0
1734011551395,SPOT_BTC_USDT,101000.53,0.14312,BUY,0
1734011551395,SPOT_BTC_USDT,100999.99,0.00149,SELL,0
1734011551395,SPOT_BTC_USDT,101000.09,0.081729,BUY,0
1734011551595,SPOT_ETH_USDT,3942.32,0.1,BUY,0
1734011551595,SPOT_ETH_USDT,3942.0,0.03004,SELL,0
1734011551795,SPOT_ETH_USDT,3942.3,8.6552,SELL,0
1734011551795,SPOT_ETH_USDT,3942.32,0.0019,BUY,0
1734011551795,SPOT_WOO_USDT,0.3058,23.6,SELL,0
1734011551795,SPOT_WOO_USDT,0.3058,10.0,SELL,0
1734011551795,SPOT_BTC_USDT,101006.95,0.01368,SELL,0
1734011551995,SPOT_ETH_USDT,3941.71,0.3032,SELL,0
1734011551995,SPOT_ETH_USDT,3941.86,0.2838,BUY,0
1734011551995,SPOT_BTC_USDT,101006.96,0.00022,BUY,0
1734011551995,SPOT_WOO_USDT,0.3057,835.1,SELL,0
1734011552195,SPOT_ETH_USDT,3941.51,0.247,BUY,0
1734011552195,SPOT_ETH_USDT,3941.6,0.1506,SELL,0
1734011552195,SPOT_ETH_USDT,3941.58,0.000151,SELL,0
1734011552195,SPOT_BTC_USDT,101003.52,0.00225,BUY,0
1734011552195,SPOT_BTC_USDT,101006.08,0.88635,SELL,0
1734011552195,SPOT_BTC_USDT,101002.9,1e-05,SELL,0
1734011552395,SPOT_ETH_USDT,3941.38,0.0001,SELL,0
1734011552395,SPOT_ETH_USDT,3941.51,0.246,BUY,0
1734011552395,SPOT_BTC_USDT,100996.8,0.00388,SELL,0
1734011552595,SPOT_ETH_USDT,3941.08,1.8356,BUY,0
1734011552595,SPOT_ETH_USDT,3941.47,2.8034,SELL,0
1734011552595,SPOT_WOO_USDT,0.3055,517.8,SELL,0
1734011552595,SPOT_BTC_USDT,100995.01,0.01593,SELL,0
1734011552795,SPOT_ETH_USDT,3941.39,0.1251,SELL,0
1734011552795,SPOT_ETH_USDT,3941.25,0.0828,BUY,0
1734011552795,SPOT_BTC_USDT,101009.67,0.1,BUY,0
1734011552995,SPOT_ETH_USDT,3941.56,0.2776,BUY,0
1734011552995,SPOT_BTC_USDT,101000.9,0.000168,SELL,0
1734011553195,SPOT_BTC_USDT,100994.16,0.0045,SELL,0
1734011553195,SPOT_ETH_USDT,3941.62,0.1,BUY,0
1734011553395,SPOT_ETH_USDT,3941.62,0.1,BUY,0
1734011553395,SPOT_BTC_USDT,100994.16,0.00189,SELL,0
1734011553595,SPOT_ETH_USDT,3941.62,0.1,BUY,0
1734011553595,SPOT_ETH_USDT,3941.79,0.40305,SELL,0
1734011553795,SPOT_ETH_USDT,3941.61,0.0477,SELL,0
1734011553795,SPOT_ETH_USDT,3941.62,0.2,BUY,0
1734011553795,SPOT_ETH_USDT,3941.7,0.2016,BUY,0
1734011553795,SPOT_BTC_USDT,100994.17,9e-05,BUY,0
1734011553795,SPOT_BTC_USDT,100979.2,0.1001,SELL,0
1734011553795,SPOT_WOO_USDT,0.3055,18.0,SELL,0
1734011553995,SPOT_ETH_USDT,3941.41,0.022962,SELL,0
1734011553995,SPOT_ETH_USDT,3941.61,0.0001,BUY,0
1734011553995,SPOT_ETH_USDT,3941.62,0.1,BUY,0
1734011553995,SPOT_BTC_USDT,100994.16,0.01688,SELL,0
1734011554195,SPOT_ETH_USDT,3941.62,0.1,BUY,0
1734011554195,SPOT_ETH_USDT,3941.61,2.4044,SELL,0
1734011554395,SPOT_ETH_USDT,3941.62,0.2,BUY,0
1734011554595,SPOT_ETH_USDT,3941.6,0.1809,BUY,0
1734011554795,SPOT_ETH_USDT,3941.62,1.368,BUY,0
1734011554995,SPOT_ETH_USDT,3941.62,0.2,BUY,0
1734011554995,SPOT_ETH_USDT,3941.61,0.1212,SELL,0
1734011554995,SPOT_BTC_USDT,100994.17,0.00158,BUY,0
1734011555195,SPOT_ETH_USDT,3941.62,0.1,BUY,0
1734011555195,SPOT_ETH_USDT,3941.61,0.0031,SELL,0
1734011555195,SPOT_BTC_USDT,101000.9,1e-05,SELL,0
1734011555195,SPOT_BTC_USDT,101001.0,0.000766,BUY,0
1734011555395,SPOT_ETH_USDT,3941.62,0.1026,BUY,0
1734011555395,SPOT_ETH_USDT,3941.61,0.0038,SELL,0
1734011555395,SPOT_BTC_USDT,101000.9,0.0099,SELL,0
1734011555395,SPOT_BTC_USDT,100994.16,6e-05,SELL,0
1734011555595,SPOT_ETH_USDT,3941.62,0.2,BUY,0
1734011555595,SPOT_ETH_USDT,3941.61,0.092,SELL,0
1734011555595,SPOT_ETH_USDT,3941.61,0.25363,SELL,0
1734011555595,SPOT_BTC_USDT,101009.66,0.001628,SELL,0
1734011555595,SPOT_BTC_USDT,100987.68,0.040551,BUY,0
1734011555595,SPOT_BTC_USDT,100994.49,0.16654,BUY,0
1734011555795,SPOT_ETH_USDT,3941.62,0.349,BUY,0
1734011555795,SPOT_BTC_USDT,101009.65,0.100469,BUY,0
1734011555995,SPOT_ETH_USDT,3941.57,3.207782,BUY,0
1734011555995,SPOT_ETH_USDT,3941.64,4.2359,BUY,0
1734011555995,SPOT_BTC_USDT,101011.1,3e-05,SELL,0
1734011556195,SPOT_ETH_USDT,3941.76,0.1,BUY,0
1734011556195,SPOT_BTC_USDT,101003.87,0.00167,SELL,0
1734011556395,SPOT_ETH_USDT,3941.8,0.9245,BUY,0
1734011556395,SPOT_BTC_USDT,101006.8,0.17862,BUY,0
1734011556595,SPOT_ETH_USDT,3942.0,0.1063,BUY,0
1734011556595,SPOT_BTC_USDT,101013.49,0.00033,SELL,0
1734011556595,SPOT_BTC_USDT,101013.5,0.00069,BUY,0
1734011556795,SPOT_ETH_USDT,3942.0,0.2032,BUY,0
1734011556795,SPOT_BTC_USDT,101013.5,5e-05,BUY,0
1734011556995,SPOT_ETH_USDT,3942.0,0.1,BUY,0
1734011556995,SPOT_BTC_USDT,101013.49,0.00676,SELL,0
1734011557195,SPOT_ETH_USDT,3942.0,0.1017,BUY,0
1734011557395,SPOT_ETH_USDT,3942.0,0.1086,BUY,0
1734011557595,SPOT_ETH_USDT,3942.0,0.2,BUY,0
1734011557595,SPOT_BTC_USDT,101019.14,0.00013,SELL,0
1734011557595,SPOT_BTC_USDT,100996.95,0.021108,BUY,0
1734011557595,SPOT_BTC_USDT,101013.49,0.0027,SELL,0
1734011557795,SPOT_BTC_USDT,101013.5,0.0002,BUY,0
1734011557795,SPOT_ETH_USDT,3942.01,0.163,BUY,0
1734011557995,SPOT_ETH_USDT,3942.05,0.1,BUY,0
1734011557995,SPOT_BTC_USDT,101019.9,0.007417,BUY,0
1734011557995,SPOT_BTC_USDT,101015.36,0.00982,BUY,0
1734011558195,SPOT_ETH_USDT,3941.83,0.2,BUY,0
1734011558195,SPOT_ETH_USDT,3941.89,0.7047,SELL,0
1734011558195,SPOT_BTC_USDT,101015.98,7e-05,SELL,0
1734011558395,SPOT_ETH_USDT,3941.56,2.416,SELL,0
1734011558395,SPOT_ETH_USDT,3941.56,0.1129,BUY,0
1734011558595,SPOT_BTC_USDT,101015.98,0.00217,SELL,0
1734011558595,SPOT_BTC_USDT,101019.8,0.000167,SELL,0
1734011558595,SPOT_ETH_USDT,3941.42,0.1761,BUY,0
1734011558595,SPOT_ETH_USDT,3941.46,0.6093,SELL,0
1734011558795,SPOT_ETH_USDT,3941.42,0.2,BUY,0
1734011558795,SPOT_BTC_USDT,101027.8,0.101015,BUY,0
1734011558795,SPOT_BTC_USDT,101015.98,7e-05,SELL,0
1734011558995,SPOT_ETH_USDT,3941.42,0.1,BUY,0
1734011558995,SPOT_BTC_USDT,101015.98,0.0001,SELL,0
1734011559195,SPOT_ETH_USDT,3941.26,0.0001,BUY,0
1734011559195,SPOT_ETH_USDT,3941.4,0.038521,SELL,0
1734011559195,SPOT_ETH_USDT,3941.24,0.277,SELL,0
1734011559195,SPOT_BTC_USDT,101019.8,0.006459,SELL,0
1734011559395,SPOT_ETH_USDT,3941.06,0.1,BUY,0
1734011559395,SPOT_ETH_USDT,3941.07,0.3834,SELL,0
1734011559395,SPOT_BTC_USDT,101015.98,6e-05,SELL,0
1734011559595,SPOT_ETH_USDT,3941.06,0.357,BUY,0
1734011559795,SPOT_ETH_USDT,3941.1,0.4436,BUY,0
1734011559795,SPOT_BTC_USDT,101015.98,0.00026,SELL,0
1734011559995,SPOT_ETH_USDT,3941.46,0.3199,BUY,0
1734011559995,SPOT_BTC_USDT,101015.98,0.0001,SELL,0
1734011560195,SPOT_ETH_USDT,3941.77,0.346,BUY,0
1734011560395,SPOT_BTC_USDT,101016.31,0.13293,BUY,0
1734011560395,SPOT_BTC_USDT,101015.98,0.00592,SELL,0
1734011560595,SPOT_BTC_USDT,101019.99,0.00022,SELL,0
1734011560595,SPOT_BTC_USDT,101019.99,0.00403,BUY,0
1734011560395,SPOT_ETH_USDT,3941.8,0.1159,BUY,0
1734011560595,SPOT_ETH_USDT,3941.8,0.2573,BUY,0
1734011560795,SPOT_ETH_USDT,3941.68,0.09,SELL,0
1734011560795,SPOT_ETH_USDT,3941.8,0.1,BUY,0
1734011560995,SPOT_BTC_USDT,101019.8,1e-05,SELL,0
1734011560995,SPOT_BTC_USDT,101020.0,0.00021,BUY,0
1734011560995,SPOT_WOO_USDT,0.3056,348.6,SELL,0
1734011560995,SPOT_ETH_USDT,3941.63,0.2,BUY,0
1734011560995,SPOT_ETH_USDT,3941.62,0.1939,SELL,0
1734011561195,SPOT_ETH_USDT,3941.59,5.5928,SELL,0
1734011561195,SPOT_ETH_USDT,3941.11,0.0077,SELL,0
1734011561195,SPOT_BTC_USDT,101019.99,0.00031,SELL,0
1734011561195,SPOT_BTC_USDT,101019.8,0.006927,SELL,0
1734011561395,SPOT_ETH_USDT,3941.11,0.1,BUY,0
1734011561595,SPOT_ETH_USDT,3941.11,0.2,BUY,0
1734011561595,SPOT_ETH_USDT,3941.26,0.007638,BUY,0
1734011561595,SPOT_BTC_USDT,101020.0,0.00068,BUY,0
1734011561595,SPOT_BTC_USDT,101019.8,0.000302,SELL,0
1734011561795,SPOT_ETH_USDT,3941.11,0.115,BUY,0
1734011561795,SPOT_ETH_USDT,3941.1,0.0374,SELL,0
1734011561795,SPOT_BTC_USDT,101020.0,0.01025,BUY,0
1734011561795,SPOT_BTC_USDT,101019.99,6e-05,SELL,0
1734011561795,SPOT_BTC_USDT,101029.38,0.1,BUY,0
1734011561995,SPOT_ETH_USDT,3941.11,0.1243,BUY,0
1734011561995,SPOT_BTC_USDT,101019.99,0.29703,SELL,0
1734011562195,SPOT_ETH_USDT,3941.11,0.2,BUY,0
1734011562195,SPOT_ETH_USDT,3941.26,0.000329,BUY,0
1734011562195,SPOT_BTC_USDT,101019.9,0.099678,BUY,0
1734011562195,SPOT_BTC_USDT,101019.8,1e-05,SELL,0
1734011562195,SPOT_WOO_USDT,0.3055,1599.0,SELL,0
1734011562395,SPOT_ETH_USDT,3941.11,0.2395,BUY,0
1734011562595,SPOT_ETH_USDT,3941.11,0.1,BUY,0
1734011562795,SPOT_ETH_USDT,3941.11,0.2,BUY,0
1734011562795,SPOT_BTC_USDT,101019.9,0.001638,BUY,0
1734011562795,SPOT_BTC_USDT,101020.0,0.0009,BUY,0
1734011562995,SPOT_ETH_USDT,3941.11,0.1,BUY,0
1734011562995,SPOT_BTC_USDT,101019.99,0.01007,SELL,0
1734011562995,SPOT_BTC_USDT,101020.0,0.09332,BUY,0
1734011563195,SPOT_ETH_USDT,3941.11,0.2,BUY,0
1734011563195,SPOT_BTC_USDT,101019.8,1e-05,SELL,0
1734011563395,SPOT_ETH_USDT,3941.11,0.1,BUY,0
1734011563595,SPOT_ETH_USDT,3941.11,0.111,BUY,0
1734011563595,SPOT_BTC_USDT,101001.15,0.02691,BUY,0
1734011563595,SPOT_WOO_USDT,0.3053,101.2,BUY,0
1734011563795,SPOT_BTC_USDT,101019.99,0.00525,SELL,0
1734011563795,SPOT_ETH_USDT,3941.11,0.2,BUY,0
1734011563795,SPOT_WOO_USDT,0.3053,735.1,BUY,0
1734011563995,SPOT_BTC_USDT,101007.3,0.00094,BUY,0
1734011563995,SPOT_ETH_USDT,3941.11,0.1,BUY,0
1734011563995,SPOT_ETH_USDT,3941.1,0.0341,SELL,0
1734011563995,SPOT_ETH_USDT,3941.26,0.009136,BUY,0
1734011564195,SPOT_ETH_USDT,3941.11,0.1,BUY,0
1734011564195,SPOT_BTC_USDT,101021.29,0.01215,BUY,0
1734011564395,SPOT_ETH_USDT,3941.13,3.8922,BUY,0
1734011564395,SPOT_ETH_USDT,3941.6,0.000256,BUY,0
1734011564395,SPOT_WOO_USDT,0.3054,646.6,BUY,0
1734011564395,SPOT_BTC_USDT,101019.99,0.0001,SELL,0
1734011564395,SPOT_BTC_USDT,101025.1,0.00011,BUY,0
1734011564395,SPOT_BTC_USDT,101025.0,0.00015,SELL,0
1734011564595,SPOT_ETH_USDT,3941.62,1.0133,BUY,0
1734011564595,SPOT_BTC_USDT,101041.0,0.100768,BUY,0
1734011564595,SPOT_BTC_USDT,101030.76,2e-05,SELL,0
1734011564595,SPOT_BTC_USDT,101020.06,3.97857,BUY,0
1734011564795,SPOT_ETH_USDT,3941.9,0.2004,BUY,0
1734011564795,SPOT_BTC_USDT,101028.16,0.01393,BUY,0
1734011564795,SPOT_BTC_USDT,101027.99,8e-05,SELL,0
1734011564795,SPOT_BTC_USDT,101039.9,0.00028,SELL,0
1734011564795,SPOT_BTC_USDT,101034.98,0.048097,BUY,0
1734011565195,SPOT_ETH_USDT,3941.93,0.3404,BUY,0
1734011565195,SPOT_ETH_USDT,3942.19,0.044377,SELL,0
1734011565195,SPOT_ETH_USDT,3941.98,0.011751,BUY,0
1734011565195,SPOT_BTC_USDT,101035.99,0.00109,SELL,0
1734011565195,SPOT_BTC_USDT,101030.92,0.13501,BUY,0
1734011565395,SPOT_WOO_USDT,0.3056,17.6,SELL,0
1734011565395,SPOT_ETH_USDT,3942.0,0.2,BUY,0
1734011565595,SPOT_ETH_USDT,3942.06,0.1647,BUY,0
1734011565595,SPOT_BTC_USDT,101037.48,0.00013,SELL,0
1734011565595,SPOT_BTC_USDT,101036.19,0.03862,BUY,0
1734011565795,SPOT_BTC_USDT,101041.7,3e-05,SELL,0
1734011565795,SPOT_ETH_USDT,3942.19,0.2,BUY,0
1734011565995,SPOT_BTC_USDT,101037.6,0.02439,BUY,0
1734011565995,SPOT_BTC_USDT,101037.48,0.01751,SELL,0
1734011565995,SPOT_ETH_USDT,3942.19,0.1,BUY,0
1734011566195,SPOT_ETH_USDT,3942.19,0.1,BUY,0
1734011566395,SPOT_ETH_USDT,3941.93,7.1377,SELL,0
1734011566395,SPOT_ETH_USDT,3942.01,0.0001,BUY,0
1734011566395,SPOT_BTC_USDT,101039.25,0.00097,BUY,0
1734011566395,SPOT_BTC_USDT,101039.24,0.00011,SELL,0
1734011566595,SPOT_WOO_USDT,0.30537,763.04,SELL,0
1734011566595,SPOT_BTC_USDT,101038.6,0.77757,SELL,0
1734011566595,SPOT_BTC_USDT,101039.17,0.424484,SELL,0
1734011566595,SPOT_BTC_USDT,101031.2,1e-05,BUY,0
1734011566595,SPOT_ETH_USDT,3941.62,0.025368,SELL,0
1734011566595,SPOT_ETH_USDT,3941.52,0.1,BUY,0
1734011566595,SPOT_ETH_USDT,3941.76,0.2263,SELL,0
1734011566795,SPOT_ETH_USDT,3941.51,0.181,SELL,0
1734011566795,SPOT_BTC_USDT,101023.05,0.0188,SELL,0
1734011566995,SPOT_ETH_USDT,3941.45,0.736482,SELL,0
1734011566995,SPOT_ETH_USDT,3941.51,2.1553,SELL,0
1734011566995,SPOT_BTC_USDT,101020.18,0.00067,SELL,0
1734011566995,SPOT_BTC_USDT,101020.19,0.00098,BUY,0
1734011566995,SPOT_BTC_USDT,101016.4,0.38255,BUY,0
1734011567195,SPOT_ETH_USDT,3941.5,2.9043,BUY,0
1734011567195,SPOT_BTC_USDT,101020.18,0.02282,SELL,0
1734011567395,SPOT_ETH_USDT,3941.87,0.380436,SELL,0
1734011567395,SPOT_ETH_USDT,3941.85,0.1,BUY,0
1734011567395,SPOT_ETH_USDT,3941.84,0.0723,SELL,0
1734011567395,SPOT_BTC_USDT,101020.18,0.00137,SELL,0
1734011567395,SPOT_BTC_USDT,101023.0,1e-05,BUY,0
1734011567595,SPOT_ETH_USDT,3941.99,0.0001,SELL,0
1734011567595,SPOT_ETH_USDT,3942.0,0.00761,BUY,0
1734011567595,SPOT_ETH_USDT,3941.85,0.4122,BUY,0
1734011567595,SPOT_ETH_USDT,3941.84,0.6045,SELL,0
1734011567595,SPOT_BTC_USDT,101034.89,0.100252,BUY,0
1734011567595,SPOT_BTC_USDT,101025.8,0.0495,SELL,0
1734011567595,SPOT_BTC_USDT,101021.33,0.02781,BUY,0
1734011567795,SPOT_ETH_USDT,3941.85,0.1,BUY,0
1734011567795,SPOT_BTC_USDT,101025.9,0.009976,BUY,0
1734011567795,SPOT_BTC_USDT,101025.8,1e-05,SELL,0
1734011567995,SPOT_BTC_USDT,101034.91,0.00018,SELL,0
1734011567995,SPOT_ETH_USDT,3942.0,0.034047,BUY,0
1734011567995,SPOT_ETH_USDT,3941.85,0.1,BUY,0
1734011568195,SPOT_ETH_USDT,3941.85,0.243,BUY,0
1734011568395,SPOT_BTC_USDT,101023.01,0.184515,SELL,0
1734011568395,SPOT_BTC_USDT,101025.9,0.000197,BUY,0
1734011568395,SPOT_ETH_USDT,3941.85,0.3536,BUY,0
1734011568595,SPOT_ETH_USDT,3941.82,0.0001,BUY,0
1734011568595,SPOT_ETH_USDT,3941.85,0.1,BUY,0
1734011568595,SPOT_ETH_USDT,3941.84,0.0253,SELL,0
1734011568595,SPOT_BTC_USDT,101011.49,0.1028,SELL,0
1734011568595,SPOT_BTC_USDT,101020.2,4.7e-05,BUY,0
1734011568795,SPOT_ETH_USDT,3941.68,0.859015,SELL,0
1734011568795,SPOT_ETH_USDT,3941.84,26.0066,SELL,0
1734011568795,SPOT_ETH_USDT,3941.85,0.3511,BUY,0
1734011568795,SPOT_BTC_USDT,101015.82,0.099947,SELL,0
1734011568795,SPOT_BTC_USDT,101020.2,1.3e-05,BUY,0
1734011568795,SPOT_BTC_USDT,101022.24,1.61438,SELL,0
1734011568995,SPOT_ETH_USDT,3941.15,0.018,SELL,0
1734011568995,SPOT_ETH_USDT,3941.21,0.021,BUY,0
1734011568995,SPOT_ETH_USDT,3941.2,0.0144,SELL,0
1734011568995,SPOT_BTC_USDT,101005.32,5e-05,BUY,0
1734011568995,SPOT_BTC_USDT,101020.72,0.697988,SELL,0
1734011569195,SPOT_ETH_USDT,3941.2,0.0249,SELL,0
1734011569195,SPOT_BTC_USDT,101019.74,0.014044,BUY,0
1734011569195,SPOT_BTC_USDT,101005.32,0.00061,BUY,0
1734011569395,SPOT_BTC_USDT,101004.3,0.0069,SELL,0
1734011569595,SPOT_WOO_USDT,0.3052,836.6,BUY,0
1734011569595,SPOT_BTC_USDT,101005.32,0.00659,BUY,0
1734011569795,SPOT_BTC_USDT,101005.31,0.00394,SELL,0
1734011569795,SPOT_BTC_USDT,101011.21,1e-05,SELL,0
1734011570195,SPOT_ETH_USDT,3941.59,0.2938,SELL,0
1734011570195,SPOT_ETH_USDT,3941.6,0.357,BUY,0
1734011570195,SPOT_ETH_USDT,3941.21,5.1121,BUY,0
1734011570195,SPOT_ETH_USDT,3941.2,0.1701,SELL,0
1734011570195,SPOT_ETH_USDT,3941.21,0.172,BUY,0
1734011570195,SPOT_ETH_USDT,3941.21,0.493,BUY,0
1734011570195,SPOT_ETH_USDT,3941.21,0.012,BUY,0
1734011570395,SPOT_ETH_USDT,3941.6,0.1324,BUY,0
1734011570395,SPOT_BTC_USDT,101005.32,0.00021,BUY,0
1734011570595,SPOT_ETH_USDT,3941.6,0.1,BUY,0
1734011570595,SPOT_BTC_USDT,101005.31,0.00087,SELL,0
1734011570595,SPOT_BTC_USDT,101019.74,0.1,BUY,0
1734011570795,SPOT_ETH_USDT,3941.42,0.1,BUY,0
1734011570795,SPOT_ETH_USDT,3941.59,5.9013,SELL,0
1734011570795,SPOT_BTC_USDT,101011.2,0.000595,SELL,0
1734011570995,SPOT_ETH_USDT,3941.42,2.4758,BUY,0
1734011570995,SPOT_ETH_USDT,3941.41,0.08,SELL,0
1734011570995,SPOT_ETH_USDT,3941.2,0.001332,SELL,0
1734011570995,SPOT_BTC_USDT,101011.21,1e-05,SELL,0
1734011570995,SPOT_BTC_USDT,101011.3,0.000128,BUY,0
1734011570995,SPOT_BTC_USDT,101005.32,0.0397,BUY,0
1734011571195,SPOT_ETH_USDT,3941.4,1.214273,BUY,0
1734011571195,SPOT_ETH_USDT,3941.71,0.0001,SELL,0
1734011571195,SPOT_ETH_USDT,3941.42,0.155,BUY,0
1734011571195,SPOT_BTC_USDT,101021.2,0.00011,SELL,0
1734011571195,SPOT_BTC_USDT,101018.62,1.476457,BUY,0
1734011571195,SPOT_BTC_USDT,101009.94,0.71084,BUY,0
1734011571195,SPOT_BTC_USDT,101005.31,0.0069,SELL,0
1734011571395,SPOT_ETH_USDT,3941.6,0.2198,BUY,0
1734011571395,SPOT_BTC_USDT,101020.96,0.00132,BUY,0
1734011571395,SPOT_BTC_USDT,101027.71,0.01404,SELL,0
1734011571595,SPOT_ETH_USDT,3941.89,0.0393,SELL,0
1734011571595,SPOT_BTC_USDT,101023.24,0.023797,BUY,0
1734011571595,SPOT_BTC_USDT,101023.84,0.08656,BUY,0
1734011571795,SPOT_ETH_USDT,3941.9,0.2,BUY,0
1734011571795,SPOT_ETH_USDT,3942.25,0.007652,SELL,0
1734011571795,SPOT_BTC_USDT,101035.97,0.00988,SELL,0
1734011571795,SPOT_BTC_USDT,101029.84,0.000477,BUY,0
1734011571995,SPOT_ETH_USDT,3942.26,0.952942,BUY,0
1734011571995,SPOT_ETH_USDT,3941.9,0.1,BUY,0
1734011572195,SPOT_ETH_USDT,3941.9,0.1,BUY,0
1734011572395,SPOT_ETH_USDT,3941.9,0.2,BUY,0
1734011572395,SPOT_ETH_USDT,3941.89,0.2608,SELL,0
1734011572395,SPOT_ETH_USDT,3942.25,0.13,SELL,0
1734011572395,SPOT_BTC_USDT,101035.98,0.00012,BUY,0
1734011572595,SPOT_ETH_USDT,3941.92,2.331,BUY,0
1734011572795,SPOT_ETH_USDT,3942.3,0.563,BUY,0
1734011572795,SPOT_BTC_USDT,101030.1,0.001823,SELL,0
1734011572795,SPOT_BTC_USDT,101035.98,0.03969,BUY,0
1734011572995,SPOT_ETH_USDT,3942.3,0.962,BUY,0
1734011572995,SPOT_ETH_USDT,3942.27,0.709865,BUY,0
1734011572995,SPOT_BTC_USDT,101037.67,0.01792,BUY,0
1734011572995,SPOT_BTC_USDT,101030.37,0.011833,BUY,0
1734011573195,SPOT_ETH_USDT,3942.3,0.1,BUY,0
1734011573195,SPOT_ETH_USDT,3942.62,0.0001,BUY,0
1734011573395,SPOT_ETH_USDT,3942.39,0.127,BUY,0
1734011573395,SPOT_BTC_USDT,101039.77,0.00044,SELL,0
1734011573395,SPOT_BTC_USDT,101019.84,0.0054,SELL,0
1734011573595,SPOT_ETH_USDT,3942.48,5.9963,BUY,0
1734011573595,SPOT_ETH_USDT,3942.6,2.363062,BUY,0
1734011573595,SPOT_BTC_USDT,101039.7,0.100605,BUY,0
1734011573795,SPOT_ETH_USDT,3942.88,0.109,BUY,0
1734011573795,SPOT_BTC_USDT,101039.77,0.00759,SELL,0
1734011573795,SPOT_BTC_USDT,101040.0,0.001,BUY,0
1734011573995,SPOT_ETH_USDT,3942.9,0.5435,BUY,0
1734011573995,SPOT_ETH_USDT,3942.93,0.03849,SELL,0
1734011573995,SPOT_BTC_USDT,101039.77,0.00078,SELL,0
1734011574195,SPOT_ETH_USDT,3942.99,0.1232,SELL,0
1734011574195,SPOT_ETH_USDT,3942.96,0.167601,BUY,0
1734011574195,SPOT_BTC_USDT,101020.0,0.03105,BUY,0
1734011574195,SPOT_BTC_USDT,101039.77,0.00042,SELL,0
1734011574395,SPOT_ETH_USDT,3943.0,0.2,BUY,0
1734011574395,SPOT_BTC_USDT,101039.77,0.00066,SELL,0
1734011574395,SPOT_BTC_USDT,101039.78,0.001,BUY,0
1734011574395,SPOT_BTC_USDT,101019.9,0.1,SELL,0
1734011574595,SPOT_ETH_USDT,3943.18,1.000385,SELL,0
1734011574595,SPOT_ETH_USDT,3943.0,0.1,BUY,0
1734011574595,SPOT_BTC_USDT,101039.78,0.0015,BUY,0
1734011574595,SPOT_BTC_USDT,101039.77,0.00017,SELL,0
1734011574795,SPOT_ETH_USDT,3943.0,0.2335,BUY,0
1734011574995,SPOT_ETH_USDT,3943.0,0.1,BUY,0
1734011574995,SPOT_BTC_USDT,101039.77,0.00665,SELL,0
1734011575195,SPOT_ETH_USDT,3943.0,0.1,BUY,0
1734011575195,SPOT_BTC_USDT,101020.0,0.02602,BUY,0
1734011575395,SPOT_ETH_USDT,3943.0,0.2019,BUY,0
1734011575595,SPOT_ETH_USDT,3943.0,0.1,BUY,0
1734011575595,SPOT_ETH_USDT,3942.99,0.1,SELL,0
1734011575595,SPOT_ETH_USDT,3943.18,0.00471,SELL,0
1734011575595,SPOT_BTC_USDT,101040.3,1e-05,SELL,0
1734011575595,SPOT_WOO_USDT,0.3055,17.8,SELL,0
1734011575795,SPOT_BTC_USDT,101047.11,0.439962,BUY,0
1734011575795,SPOT_BTC_USDT,101055.3,0.010297,SELL,0
1734011575795,SPOT_BTC_USDT,101042.94,1.12855,BUY,0
1734011575795,SPOT_BTC_USDT,101049.23,0.03243,SELL,0
1734011575795,SPOT_ETH_USDT,3943.55,11.598392,BUY,0
1734011575795,SPOT_ETH_USDT,3943.0,0.0001,SELL,0
1734011575795,SPOT_ETH_USDT,3943.23,7.1174,BUY,0
1734011575995,SPOT_ETH_USDT,3943.71,0.1234,BUY,0
1734011575995,SPOT_BTC_USDT,101051.27,0.093039,BUY,0
1734011575995,SPOT_BTC_USDT,101066.5,0.00025,SELL,0
1734011575995,SPOT_BTC_USDT,101059.42,0.15742,BUY,0
1734011575995,SPOT_BTC_USDT,101059.98,0.00017,SELL,0
1734011576195,SPOT_ETH_USDT,3944.0,1.38,BUY,0
1734011576195,SPOT_ETH_USDT,3943.8,0.608,BUY,0
1734011576195,SPOT_ETH_USDT,3943.79,1.0,SELL,0
1734011576195,SPOT_BTC_USDT,101064.23,0.09596,BUY,0
1734011576195,SPOT_BTC_USDT,101064.2,0.00161,SELL,0
1734011576395,SPOT_ETH_USDT,3943.8,0.1,BUY,0
1734011576395,SPOT_BTC_USDT,101066.94,0.108602,BUY,0
1734011576395,SPOT_BTC_USDT,101070.32,0.04794,BUY,0
1734011576595,SPOT_ETH_USDT,3943.8,0.2,BUY,0
1734011576595,SPOT_BTC_USDT,101074.4,0.00036,BUY,0
1734011576595,SPOT_BTC_USDT,101074.39,0.00097,SELL,0
1734011576595,SPOT_BTC_USDT,101078.72,0.012374,BUY,0
1734011576795,SPOT_BTC_USDT,101070.6,1e-05,SELL,0
1734011576795,SPOT_BTC_USDT,101074.39,0.05335,SELL,0
1734011576795,SPOT_ETH_USDT,3943.79,0.0076,SELL,0
1734011576795,SPOT_ETH_USDT,3943.8,0.1,BUY,0
1734011576995,SPOT_ETH_USDT,3943.8,0.1,BUY,0
1734011576995,SPOT_ETH_USDT,3943.82,0.0001,BUY,0
1734011576995,SPOT_BTC_USDT,101074.39,0.00017,SELL,0
1734011576995,SPOT_BTC_USDT,101070.39,0.761116,SELL,0
1734011577195,SPOT_ETH_USDT,3943.8,0.1038,BUY,0
1734011577195,SPOT_ETH_USDT,3943.79,0.0376,SELL,0
1734011577195,SPOT_BTC_USDT,101074.39,0.04947,SELL,0
1734011577395,SPOT_BTC_USDT,101074.39,0.00233,SELL,0
1734011577395,SPOT_BTC_USDT,101074.4,0.00266,BUY,0
1734011577395,SPOT_BTC_USDT,101060.91,0.3073,SELL,0
1734011577595,SPOT_BTC_USDT,101074.39,0.09776,SELL,0
1734011577395,SPOT_ETH_USDT,3943.8,0.3099,BUY,0
1734011577395,SPOT_ETH_USDT,3943.78,0.040087,SELL,0
1734011577595,SPOT_ETH_USDT,3943.8,0.1605,BUY,0
1734011577595,SPOT_ETH_USDT,3943.79,0.0217,SELL,0
1734011577795,SPOT_ETH_USDT,3943.8,0.449,BUY,0
1734011577795,SPOT_ETH_USDT,3943.79,0.052364,SELL,0
1734011577795,SPOT_BTC_USDT,101079.34,0.006295,SELL,0
1734011577795,SPOT_BTC_USDT,101074.39,0.04092,SELL,0
1734011577995,SPOT_ETH_USDT,3943.8,0.1,BUY,0
1734011577995,SPOT_BTC_USDT,101074.39,0.00027,SELL,0
1734011578195,SPOT_BTC_USDT,101074.39,0.04947,SELL,0
1734011578195,SPOT_BTC_USDT,101074.4,0.002,BUY,0
1734011578195,SPOT_ETH_USDT,3943.8,0.1,BUY,0
1734011578395,SPOT_ETH_USDT,3943.8,0.2,BUY,0
1734011578395,SPOT_ETH_USDT,3943.93,0.000356,SELL,0
1734011578395,SPOT_BTC_USDT,101074.39,0.00969,SELL,0
1734011578395,SPOT_BTC_USDT,101074.4,0.002,BUY,0
1734011578395,SPOT_BTC_USDT,101067.9,1e-05,SELL,0
1734011578595,SPOT_ETH_USDT,3943.8,0.204,BUY,0
1734011578595,SPOT_ETH_USDT,3943.8,0.00499,SELL,0
1734011578595,SPOT_BTC_USDT,101068.0,0.009236,BUY,0
1734011578595,SPOT_BTC_USDT,101074.39,5e-05,SELL,0
1734011578795,SPOT_ETH_USDT,3943.78,0.000255,SELL,0
1734011578795,SPOT_ETH_USDT,3943.79,0.4121,SELL,0
1734011578795,SPOT_BTC_USDT,101074.39,0.13713,SELL,0
1734011578795,SPOT_BTC_USDT,101068.0,9.8e-05,BUY,0
1734011578995,SPOT_ETH_USDT,3943.79,2.6974,SELL,0
1734011578995,SPOT_BTC_USDT,101067.9,0.00013,SELL,0
1734011579195,SPOT_ETH_USDT,3943.79,0.00305,SELL,0
1734011579195,SPOT_BTC_USDT,101074.4,0.002,BUY,0
1734011579195,SPOT_BTC_USDT,101074.39,0.11248,SELL,0
1734011579395,SPOT_BTC_USDT,101074.39,0.01366,SELL,0
1734011579395,SPOT_BTC_USDT,101074.4,0.002,BUY,0
1734011579395,SPOT_BTC_USDT,101071.65,0.1306,BUY,0
1734011579595,SPOT_ETH_USDT,3943.8,0.2,BUY,0
1734011579595,SPOT_ETH_USDT,3943.7,0.0001,BUY,0
1734011579595,SPOT_BTC_USDT,101067.9,0.015606,SELL,0
1734011579595,SPOT_BTC_USDT,101074.39,0.001,SELL,0
1734011579595,SPOT_WOO_USDT,0.30567,2139.4,BUY,0
1734011579795,SPOT_ETH_USDT,3943.8,0.1,BUY,0
1734011579795,SPOT_ETH_USDT,3943.79,0.2438,SELL,0
1734011579795,SPOT_BTC_USDT,101074.39,0.00112,SELL,0
1734011579795,SPOT_BTC_USDT,101074.4,0.00636,BUY,0
1734011579795,SPOT_BTC_USDT,101067.9,0.0009,SELL,0
1734011579995,SPOT_ETH_USDT,3943.8,0.3267,BUY,0
1734011579995,SPOT_BTC_USDT,101074.4,0.00055,BUY,0
1734011580195,SPOT_ETH_USDT,3943.8,0.1,BUY,0
1734011580195,SPOT_ETH_USDT,3944.07,0.071996,BUY,0
1734011580195,SPOT_BTC_USDT,101074.4,0.002,BUY,0
1734011580195,SPOT_BTC_USDT,101074.39,0.00152,SELL,0
1734011580395,SPOT_ETH_USDT,3943.81,0.1018,BUY,0
1734011580395,SPOT_WOO_USDT,0.3057,473.6,BUY,0
1734011580395,SPOT_BTC_USDT,101074.4,0.002,BUY,0
1734011580595,SPOT_ETH_USDT,3943.81,0.2,BUY,0
1734011580595,SPOT_ETH_USDT,3943.8,0.0153,SELL,0
1734011580795,SPOT_ETH_USDT,3943.81,0.357,BUY,0
1734011580795,SPOT_BTC_USDT,101068.0,0.004734,BUY,0
1734011580795,SPOT_BTC_USDT,101074.39,0.00182,SELL,0
1734011580795,SPOT_BTC_USDT,101074.4,0.0002,BUY,0
1734011580995,SPOT_ETH_USDT,3943.8,0.1849,SELL,0
1734011580995,SPOT_ETH_USDT,3944.02,0.035708,SELL,0
1734011581195,SPOT_ETH_USDT,3943.81,1.7434,BUY,0
1734011581195,SPOT_ETH_USDT,3943.8,0.0098,SELL,0
1734011581195,SPOT_ETH_USDT,3944.05,0.0001,SELL,0
1734011581195,SPOT_BTC_USDT,101079.34,0.000719,SELL,0
1734011581395,SPOT_ETH_USDT,3943.81,0.673581,SELL,0
1734011581395,SPOT_ETH_USDT,3943.81,0.1,BUY,0
1734011581395,SPOT_BTC_USDT,101074.39,0.00027,SELL,0
1734011581595,SPOT_ETH_USDT,3943.81,0.2453,BUY,0
1734011581595,SPOT_BTC_USDT,101074.39,0.0011,SELL,0
1734011581595,SPOT_BTC_USDT,101069.7,9.8e-05,SELL,0
1734011581795,SPOT_ETH_USDT,3943.81,0.1075,BUY,0
1734011581795,SPOT_BTC_USDT,101074.39,0.00118,SELL,0
1734011581995,SPOT_ETH_USDT,3943.81,0.1796,BUY,0
1734011581995,SPOT_BTC_USDT,101074.4,0.0006,BUY,0
1734011582195,SPOT_BTC_USDT,101074.39,0.30683,SELL,0
1734011582195,SPOT_ETH_USDT,3943.81,0.2,BUY,0
1734011582395,SPOT_ETH_USDT,3943.8,0.1935,SELL,0
1734011582395,SPOT_ETH_USDT,3943.81,0.1,BUY,0
1734011582395,SPOT_ETH_USDT,3943.8,0.003128,SELL,0
1734011582395,SPOT_BTC_USDT,101078.79,0.10186,BUY,0
1734011582595,SPOT_ETH_USDT,3943.81,0.0464,BUY,0
1734011582595,SPOT_BTC_USDT,101066.74,0.249781,SELL,0
1734011582595,SPOT_BTC_USDT,101067.9,1e-05,BUY,0
1734011582795,SPOT_ETH_USDT,3943.8,0.9978,SELL,0
1734011582795,SPOT_BTC_USDT,101074.4,0.00011,BUY,0
1734011582795,SPOT_BTC_USDT,101074.39,0.00013,SELL,0
1734011582795,SPOT_BTC_USDT,101067.43,0.004762,SELL,0
1734011583195,SPOT_ETH_USDT,3943.81,0.1299,BUY,0
1734011583195,SPOT_WOO_USDT,0.3059,841.6,BUY,0
1734011583395,SPOT_ETH_USDT,3943.81,0.1,BUY,0
1734011583395,SPOT_ETH_USDT,3943.8,0.063,SELL,0
1734011583395,SPOT_BTC_USDT,101074.4,0.01139,BUY,0
1734011583595,SPOT_ETH_USDT,3943.81,0.1315,BUY,0
1734011583595,SPOT_BTC_USDT,101074.59,0.06224,BUY,0
1734011583595,SPOT_BTC_USDT,101074.39,0.0054,SELL,0
1734011583595,SPOT_BTC_USDT,101079.9,0.00028,SELL,0
1734011583595,SPOT_BTC_USDT,101070.83,0.028925,BUY,0
1734011583795,SPOT_ETH_USDT,3943.81,0.2073,BUY,0
1734011583795,SPOT_ETH_USDT,3943.78,0.017719,BUY,0
1734011583795,SPOT_BTC_USDT,101076.0,0.0011,BUY,0
1734011583795,SPOT_BTC_USDT,101079.9,0.006923,SELL,0
1734011583995,SPOT_ETH_USDT,3943.84,17.2833,BUY,0
1734011583995,SPOT_ETH_USDT,3943.77,0.0615,BUY,0
1734011583995,SPOT_WOO_USDT,0.306,10.0,SELL,0
1734011583995,SPOT_WOO_USDT,0.306,816.7,BUY,0
1734011583995,SPOT_BTC_USDT,101076.32,0.01741,BUY,0
1734011583995,SPOT_BTC_USDT,101075.99,0.01762,SELL,0
1734011584195,SPOT_ETH_USDT,3944.18,0.1,BUY,0
1734011584195,SPOT_BTC_USDT,101077.06,0.00125,BUY,0
1734011584395,SPOT_ETH_USDT,3944.18,0.1,BUY,0
1734011584395,SPOT_ETH_USDT,3944.17,0.063,SELL,0
1734011584395,SPOT_BTC_USDT,101077.06,0.00248,BUY,0
1734011584595,SPOT_ETH_USDT,3944.18,0.2,BUY,0
1734011584595,SPOT_ETH_USDT,3944.17,0.1029,SELL,0
1734011584595,SPOT_ETH_USDT,3944.12,0.00048,SELL,0
1734011584595,SPOT_BTC_USDT,101077.06,0.001,BUY,0
1734011584595,SPOT_BTC_USDT,101077.05,0.00164,SELL,0
1734011584795,SPOT_ETH_USDT,3944.18,0.1,BUY,0
1734011584995,SPOT_ETH_USDT,3944.07,8.838181,BUY,0
1734011584995,SPOT_ETH_USDT,3944.31,1.6727,BUY,0
1734011584995,SPOT_BTC_USDT,101077.06,0.03688,BUY,0
1734011584995,SPOT_BTC_USDT,101077.05,0.00479,SELL,0
1734011585195,SPOT_ETH_USDT,3944.42,0.162683,BUY,0
1734011585195,SPOT_ETH_USDT,3944.57,0.2,BUY,0
1734011585195,SPOT_BTC_USDT,101079.94,0.03099,BUY,0
1734011585395,SPOT_ETH_USDT,3944.5,0.893234,BUY,0
1734011585395,SPOT_ETH_USDT,3944.94,26.9926,BUY,0
1734011585395,SPOT_BTC_USDT,101079.99,0.00185,SELL,0
1734011585395,SPOT_BTC_USDT,101087.46,0.100518,BUY,0
1734011585595,SPOT_ETH_USDT,3945.28,18.612037,BUY,0
1734011585595,SPOT_ETH_USDT,3945.52,1.2647,BUY,0
1734011585595,SPOT_WOO_USDT,0.3061,10.0,SELL,0
1734011585595,SPOT_BTC_USDT,101076.45,0.158869,BUY,0
1734011585595,SPOT_BTC_USDT,101080.17,0.02991,BUY,0
1734011585795,SPOT_ETH_USDT,3945.58,0.2,BUY,0
1734011585795,SPOT_ETH_USDT,3945.72,0.005,SELL,0
1734011585795,SPOT_BTC_USDT,101081.29,0.00232,BUY,0
1734011585995,SPOT_ETH_USDT,3945.81,0.007387,BUY,0
1734011585995,SPOT_ETH_USDT,3945.74,0.1108,BUY,0
1734011585995,SPOT_BTC_USDT,101084.59,0.033796,BUY,0
1734011585995,SPOT_BTC_USDT,101089.2,0.00014,SELL,0
1734011585995,SPOT_BTC_USDT,101081.32,0.09323,BUY,0
1734011586195,SPOT_ETH_USDT,3945.98,0.003956,SELL,0
1734011586195,SPOT_ETH_USDT,3945.86,0.2198,BUY,0
1734011586195,SPOT_ETH_USDT,3945.97,1.9164,SELL,0
1734011586195,SPOT_BTC_USDT,101092.3,1e-05,SELL,0
1734011586195,SPOT_BTC_USDT,101086.34,0.0465,BUY,0
1734011586395,SPOT_ETH_USDT,3945.98,0.1,BUY,0
1734011586395,SPOT_ETH_USDT,3945.97,0.0587,SELL,0
1734011586395,SPOT_BTC_USDT,101088.24,0.0008,BUY,0
1734011586395,SPOT_BTC_USDT,101088.23,0.00407,SELL,0
1734011586595,SPOT_ETH_USDT,3945.98,0.1012,BUY,0
1734011586595,SPOT_ETH_USDT,3945.97,0.0818,SELL,0
1734011586595,SPOT_ETH_USDT,3945.98,0.01715,SELL,0
1734011586595,SPOT_WOO_USDT,0.3062,10.0,SELL,0
1734011586595,SPOT_BTC_USDT,101088.24,0.00215,BUY,0
1734011586795,SPOT_ETH_USDT,3945.97,0.0225,SELL,0
1734011586795,SPOT_ETH_USDT,3945.98,0.2254,BUY,0
1734011586795,SPOT_ETH_USDT,3945.98,0.030402,SELL,0
1734011586995,SPOT_ETH_USDT,3945.98,0.2,BUY,0
1734011586995,SPOT_BTC_USDT,101092.4,1e-05,SELL,0
1734011586995,SPOT_BTC_USDT,101092.5,4.9e-05,BUY,0
1734011586995,SPOT_BTC_USDT,101088.24,0.00054,BUY,0
1734011587195,SPOT_ETH_USDT,3946.15,9.196027,BUY,0
1734011587195,SPOT_ETH_USDT,3946.07,19.1483,BUY,0
1734011587195,SPOT_ETH_USDT,3946.28,0.2753,SELL,0
1734011587195,SPOT_BTC_USDT,101092.5,1e-05,BUY,0
1734011587395,SPOT_ETH_USDT,3946.4,0.1,BUY,0
1734011587395,SPOT_ETH_USDT,3946.39,0.0038,SELL,0
1734011587395,SPOT_ETH_USDT,3946.39,0.000928,SELL,0
1734011587395,SPOT_BTC_USDT,101088.24,0.00122,BUY,0
1734011587395,SPOT_BTC_USDT,101088.23,0.00011,SELL,0
1734011587595,SPOT_ETH_USDT,3946.4,0.2,BUY,0
1734011587595,SPOT_BTC_USDT,101088.24,0.001,BUY,0
1734011587595,SPOT_BTC_USDT,101088.23,0.00138,SELL,0
1734011587795,SPOT_ETH_USDT,3946.4,0.3027,BUY,0
1734011587795,SPOT_BTC_USDT,101070.3,0.02692,BUY,0
1734011587995,SPOT_ETH_USDT,3946.4,0.2054,BUY,0
1734011587995,SPOT_ETH_USDT,3946.39,0.1337,SELL,0
1734011587995,SPOT_BTC_USDT,101092.4,1e-05,SELL,0
1734011587995,SPOT_BTC_USDT,101092.5,0.00029,BUY,0
1734011588195,SPOT_ETH_USDT,3946.4,0.1,BUY,0
1734011588395,SPOT_ETH_USDT,3946.39,0.3034,SELL,0
1734011588395,SPOT_ETH_USDT,3946.4,0.1,BUY,0
1734011588395,SPOT_ETH_USDT,3946.4,0.006584,SELL,0
1734011588395,SPOT_BTC_USDT,101100.65,0.100795,BUY,0
1734011588395,SPOT_BTC_USDT,101092.4,0.017799,SELL,0
1734011588395,SPOT_BTC_USDT,101088.24,0.00256,BUY,0
1734011588595,SPOT_ETH_USDT,3946.39,1.7791,SELL,0
1734011588595,SPOT_ETH_USDT,3946.4,0.00043,SELL,0
1734011588595,SPOT_BTC_USDT,101088.24,0.001,BUY,0
1734011588795,SPOT_ETH_USDT,3946.42,0.2324,BUY,0
1734011588795,SPOT_BTC_USDT,101092.4,0.011866,SELL,0
1734011588795,SPOT_BTC_USDT,101070.3,0.0282,BUY,0
1734011588795,SPOT_BTC_USDT,101088.24,0.00174,BUY,0
1734011588795,SPOT_BTC_USDT,101088.23,0.0001,SELL,0
1734011588995,SPOT_ETH_USDT,3946.47,0.1,BUY,0
1734011588995,SPOT_ETH_USDT,3946.4,1.276768,SELL,0
1734011588995,SPOT_BTC_USDT,101088.23,0.05113,SELL,0
1734011588995,SPOT_BTC_USDT,101088.24,0.00013,BUY,0
1734011589195,SPOT_ETH_USDT,3946.5,0.3047,BUY,0
1734011589195,SPOT_ETH_USDT,3946.4,0.02534,SELL,0
1734011589195,SPOT_BTC_USDT,101070.2,0.00021,SELL,0
1734011589195,SPOT_BTC_USDT,101088.23,0.0009,SELL,0
1734011589395,SPOT_ETH_USDT,3946.49,21.6964,SELL,0
1734011589395,SPOT_ETH_USDT,3946.4,0.446,BUY,0
1734011589395,SPOT_ETH_USDT,3946.25,12.581318,SELL,0
1734011589395,SPOT_ETH_USDT,3946.4,0.5001,BUY,0
1734011589395,SPOT_WOO_USDT,0.3061,39.5,SELL,0
1734011589395,SPOT_BTC_USDT,101088.23,0.31178,SELL,0
1734011589395,SPOT_BTC_USDT,101070.2,0.1,SELL,0
1734011589595,SPOT_ETH_USDT,3945.97,0.2145,BUY,0
1734011589595,SPOT_ETH_USDT,3945.91,0.8621,SELL,0
1734011589595,SPOT_ETH_USDT,3946.0,0.132,SELL,0
1734011589595,SPOT_BTC_USDT,101088.05,2.63785,SELL,0
1734011589595,SPOT_BTC_USDT,101078.66,0.00212,BUY,0
1734011589595,SPOT_BTC_USDT,101083.76,0.00013,BUY,0
1734011589795,SPOT_ETH_USDT,3945.81,0.1303,BUY,0
1734011589795,SPOT_WOO_USDT,0.306,51.7,SELL,0
1734011589995,SPOT_ETH_USDT,3945.8,1.128,SELL,0
1734011589995,SPOT_ETH_USDT,3945.44,0.029305,BUY,0
1734011590195,SPOT_ETH_USDT,3945.8,0.3633,SELL,0
1734011590395,SPOT_ETH_USDT,3945.68,1.4777,SELL,0
1734011590395,SPOT_ETH_USDT,3945.1,0.0001,SELL,0
1734011590595,SPOT_BTC_USDT,101076.99,0.53827,SELL,0
1734011590595,SPOT_BTC_USDT,101080.0,0.029268,SELL,0
1734011590595,SPOT_BTC_USDT,101096.74,0.018782,SELL,0
1734011590595,SPOT_BTC_USDT,101077.61,0.00012,BUY,0
1734011590595,SPOT_BTC_USDT,101077.6,0.00123,SELL,0
1734011590595,SPOT_BTC_USDT,101077.61,0.00024,BUY,0
1734011590595,SPOT_BTC_USDT,101080.0,0.000804,SELL,0
1734011590595,SPOT_BTC_USDT,101068.57,0.04787,SELL,0
1734011590595,SPOT_BTC_USDT,101077.61,0.001,BUY,0
1734011590795,SPOT_BTC_USDT,101068.09,0.02547,SELL,0
1734011590795,SPOT_BTC_USDT,101068.77,0.001,BUY,0
1734011590995,SPOT_BTC_USDT,101064.3,0.00087,SELL,0
1734011590995,SPOT_BTC_USDT,101064.69,0.00535,SELL,0
1734011590995,SPOT_BTC_USDT,101064.7,0.00094,BUY,0
1734011590595,SPOT_ETH_USDT,3945.03,0.6007,SELL,0
1734011590595,SPOT_ETH_USDT,3945.18,0.0056,BUY,0
1734011590995,SPOT_ETH_USDT,3944.8,0.0034,SELL,0
1734011590995,SPOT_ETH_USDT,3944.81,0.0026,BUY,0
1734011591195,SPOT_BTC_USDT,101067.03,0.009517,SELL,0
1734011591195,SPOT_BTC_USDT,101064.69,0.00037,SELL,0
1734011591395,SPOT_ETH_USDT,3945.07,0.0001,BUY,0
1734011591395,SPOT_ETH_USDT,3944.81,0.257,BUY,0
1734011591395,SPOT_BTC_USDT,101084.77,0.1,BUY,0
1734011591595,SPOT_ETH_USDT,3944.95,0.4516,BUY,0
1734011591595,SPOT_ETH_USDT,3944.88,0.0063,SELL,0
1734011591595,SPOT_ETH_USDT,3945.1,0.007636,SELL,0
1734011591595,SPOT_BTC_USDT,101069.8,1e-05,SELL,0
1734011591595,SPOT_BTC_USDT,101064.69,0.16108,SELL,0
1734011591795,SPOT_ETH_USDT,3945.0,0.1038,BUY,0
1734011591795,SPOT_BTC_USDT,101064.7,0.0024,BUY,0
1734011591995,SPOT_ETH_USDT,3945.15,0.2,BUY,0
1734011591995,SPOT_BTC_USDT,101069.9,0.00161,BUY,0
1734011591995,SPOT_BTC_USDT,101064.7,0.00016,BUY,0
1734011592195,SPOT_ETH_USDT,3945.16,0.1238,BUY,0
1734011592395,SPOT_ETH_USDT,3945.26,0.00051,SELL,0
1734011592395,SPOT_ETH_USDT,3945.17,0.1,BUY,0
1734011592395,SPOT_BTC_USDT,101055.46,0.07128,SELL,0
1734011592395,SPOT_BTC_USDT,101064.69,0.00573,SELL,0
1734011592595,SPOT_ETH_USDT,3945.16,0.0033,SELL,0
1734011592595,SPOT_BTC_USDT,101059.95,0.069217,SELL,0
1734011592795,SPOT_ETH_USDT,3945.17,0.2,BUY,0
1734011592795,SPOT_BTC_USDT,101067.8,1e-05,SELL,0
1734011592795,SPOT_BTC_USDT,101064.7,0.001,BUY,0
1734011592995,SPOT_ETH_USDT,3945.18,0.1518,BUY,0
1734011592995,SPOT_ETH_USDT,3945.59,0.026322,SELL,0
1734011592995,SPOT_BTC_USDT,101067.8,0.112699,SELL,0
1734011593195,SPOT_ETH_USDT,3945.18,0.2,BUY,0
1734011593195,SPOT_BTC_USDT,101064.69,5e-05,SELL,0
1734011593395,SPOT_ETH_USDT,3945.18,1.0932,BUY,0
1734011593595,SPOT_ETH_USDT,3945.17,0.1329,SELL,0
1734011593595,SPOT_ETH_USDT,3945.18,0.1,BUY,0
1734011593595,SPOT_ETH_USDT,3945.16,0.000255,SELL,0
1734011593595,SPOT_ETH_USDT,3945.23,0.0001,BUY,0
1734011593595,SPOT_BTC_USDT,101079.35,0.005088,SELL,0
1734011593595,SPOT_BTC_USDT,101064.69,0.62641,SELL,0
1734011593795,SPOT_BTC_USDT,101053.7,1e-05,BUY,0
1734011593795,SPOT_BTC_USDT,101075.13,0.095473,SELL,0
1734011593795,SPOT_BTC_USDT,101063.58,0.04479,SELL,0
1734011593795,SPOT_BTC_USDT,101064.7,0.001,BUY,0
1734011593995,SPOT_BTC_USDT,101056.22,0.13338,SELL,0
1734011593995,SPOT_BTC_USDT,101043.59,0.014,SELL,0
1734011593995,SPOT_ETH_USDT,3945.07,0.024364,BUY,0
1734011594195,SPOT_ETH_USDT,3945.18,0.249,BUY,0
1734011594195,SPOT_ETH_USDT,3945.17,0.0091,SELL,0
1734011594195,SPOT_BTC_USDT,101052.0,0.05079,SELL,0
1734011594195,SPOT_BTC_USDT,101070.74,0.000695,SELL,0
1734011594395,SPOT_ETH_USDT,3945.17,1.4255,SELL,0
1734011594395,SPOT_BTC_USDT,101052.0,0.00466,SELL,0
1734011594395,SPOT_BTC_USDT,101052.01,0.00144,BUY,0
1734011594395,SPOT_BTC_USDT,101070.75,0.1,BUY,0
1734011594595,SPOT_BTC_USDT,101052.0,0.00365,SELL,0
1734011594595,SPOT_ETH_USDT,3945.18,0.0121,BUY,0
1734011594595,SPOT_ETH_USDT,3945.06,0.0001,SELL,0
1734011594795,SPOT_ETH_USDT,3945.18,0.0339,BUY,0
1734011594795,SPOT_BTC_USDT,101052.0,0.00317,SELL,0
1734011594795,SPOT_BTC_USDT,101069.84,0.00019,SELL,0
1734011594995,SPOT_BTC_USDT,101052.0,0.00031,SELL,0
1734011595195,SPOT_ETH_USDT,3944.83,5.822347,BUY,0
1734011595195,SPOT_ETH_USDT,3945.16,13.0248,SELL,0
1734011595195,SPOT_BTC_USDT,101052.0,0.03248,SELL,0
1734011595195,SPOT_BTC_USDT,101052.01,0.00026,BUY,0
1734011595395,SPOT_ETH_USDT,3944.55,0.0494,BUY,0
1734011595395,SPOT_ETH_USDT,3944.32,0.076104,BUY,0
1734011595395,SPOT_ETH_USDT,3944.82,0.015151,SELL,0
1734011595395,SPOT_BTC_USDT,101032.61,0.1,SELL,0
1734011595395,SPOT_BTC_USDT,101052.0,0.00082,SELL,0
1734011595595,SPOT_BTC_USDT,101052.0,0.0014,SELL,0
1734011595595,SPOT_BTC_USDT,101052.01,0.00019,BUY,0
1734011595795,SPOT_ETH_USDT,3944.55,0.0791,BUY,0
1734011595795,SPOT_ETH_USDT,3944.32,0.053793,BUY,0
1734011595795,SPOT_BTC_USDT,101052.01,0.00126,BUY,0
1734011595995,SPOT_ETH_USDT,3944.55,0.5962,BUY,0
1734011595995,SPOT_BTC_USDT,101052.0,0.00022,SELL,0
1734011595995,SPOT_BTC_USDT,101053.6,0.000248,SELL,0
1734011596195,SPOT_ETH_USDT,3944.55,0.0322,BUY,0
1734011596195,SPOT_ETH_USDT,3944.32,0.051021,BUY,0
1734011596195,SPOT_BTC_USDT,101052.0,0.00357,SELL,0
1734011596195,SPOT_BTC_USDT,101052.01,0.02691,BUY,0
1734011596395,SPOT_ETH_USDT,3944.4,0.026118,BUY,0
1734011596395,SPOT_ETH_USDT,3944.55,0.0029,BUY,0
1734011596395,SPOT_BTC_USDT,101052.0,0.0246,SELL,0
1734011596395,SPOT_BTC_USDT,101052.01,0.00025,BUY,0
1734011596395,SPOT_BTC_USDT,101070.74,0.00507,SELL,0
1734011596595,SPOT_ETH_USDT,3944.55,0.0017,BUY,0
1734011596595,SPOT_ETH_USDT,3944.4,0.139134,BUY,0
1734011596595,SPOT_BTC_USDT,101052.0,0.01162,SELL,0
1734011596795,SPOT_WOO_USDT,0.3058,835.0,BUY,0
1734011596795,SPOT_ETH_USDT,3944.54,0.0985,SELL,0
1734011596795,SPOT_BTC_USDT,101052.01,0.001,BUY,0
1734011596995,SPOT_BTC_USDT,101052.0,0.00023,SELL,0
1734011596995,SPOT_ETH_USDT,3944.59,0.2147,BUY,0
1734011596995,SPOT_ETH_USDT,3944.48,0.207703,BUY,0
1734011597195,SPOT_ETH_USDT,3944.61,0.103,BUY,0
1734011597395,SPOT_ETH_USDT,3944.61,0.2,BUY,0
1734011597395,SPOT_ETH_USDT,3944.6,0.0013,SELL,0
1734011597395,SPOT_BTC_USDT,101069.46,0.1,BUY,0
1734011597395,SPOT_BTC_USDT,101052.0,0.005,SELL,0
1734011597595,SPOT_ETH_USDT,3944.61,0.1,BUY,0
1734011597795,SPOT_ETH_USDT,3944.61,0.1,BUY,0
1734011597795,SPOT_BTC_USDT,101052.01,0.001,BUY,0
1734011597995,SPOT_ETH_USDT,3944.41,0.2,BUY,0
1734011597995,SPOT_ETH_USDT,3944.55,1.9008,SELL,0
1734011597995,SPOT_ETH_USDT,3944.38,0.0001,BUY,0
1734011597995,SPOT_ETH_USDT,3944.61,0.006171,SELL,0
1734011598195,SPOT_BTC_USDT,101052.0,5e-05,SELL,0
1734011598395,SPOT_ETH_USDT,3944.2,0.05,SELL,0
1734011598395,SPOT_BTC_USDT,101052.01,7e-05,BUY,0
1734011598395,SPOT_BTC_USDT,101052.0,0.00108,SELL,0
1734011598595,SPOT_ETH_USDT,3944.21,0.0466,BUY,0
1734011598595,SPOT_BTC_USDT,101052.0,0.07684,SELL,0
1734011598795,SPOT_ETH_USDT,3943.47,0.076119,BUY,0
1734011598795,SPOT_ETH_USDT,3944.11,5.254018,SELL,0
1734011598795,SPOT_ETH_USDT,3944.18,0.0127,BUY,0
1734011598795,SPOT_ETH_USDT,3944.19,0.1005,SELL,0
1734011598795,SPOT_BTC_USDT,101052.0,0.008,SELL,0
1734011598995,SPOT_ETH_USDT,3943.59,0.001271,SELL,0
1734011598995,SPOT_ETH_USDT,3944.17,2.1713,SELL,0
1734011598995,SPOT_BTC_USDT,101069.45,0.053553,SELL,0
1734011598995,SPOT_BTC_USDT,101052.01,5e-05,BUY,0
1734011599195,SPOT_ETH_USDT,3943.86,1.0451,SELL,0
1734011599195,SPOT_ETH_USDT,3943.59,0.027362,SELL,0
1734011599395,SPOT_ETH_USDT,3943.46,0.003126,SELL,0
1734011599395,SPOT_ETH_USDT,3943.76,0.063,SELL,0
1734011599395,SPOT_BTC_USDT,101052.01,0.00013,BUY,0
1734011599595,SPOT_BTC_USDT,101052.0,9e-05,SELL,0
1734011599795,SPOT_BTC_USDT,101052.0,0.00401,SELL,0
1734011599795,SPOT_BTC_USDT,101052.01,0.001,BUY,0
1734011599995,SPOT_ETH_USDT,3943.74,0.0031,SELL,0
1734011599995,SPOT_BTC_USDT,101052.01,0.00105,BUY,0
1734011600195,SPOT_ETH_USDT,3943.74,0.0028,SELL,0
1734011600195,SPOT_ETH_USDT,3943.75,0.0091,BUY,0
1734011600195,SPOT_BTC_USDT,101052.0,0.00016,SELL,0
1734011600195,SPOT_BTC_USDT,101053.7,1e-05,BUY,0
1734011600395,SPOT_BTC_USDT,101052.0,0.00025,SELL,0
1734011600395,SPOT_BTC_USDT,101069.46,0.1,BUY,0
1734011600595,SPOT_ETH_USDT,3943.75,0.0136,BUY,0
1734011600595,SPOT_ETH_USDT,3943.74,0.0019,SELL,0
1734011600595,SPOT_ETH_USDT,3943.4,0.0001,SELL,0
1734011600595,SPOT_BTC_USDT,101069.45,0.004813,SELL,0
1734011600795,SPOT_ETH_USDT,3943.74,0.15,SELL,0
1734011600795,SPOT_BTC_USDT,101052.01,0.001,BUY,0
1734011600995,SPOT_ETH_USDT,3943.75,0.184,BUY,0
1734011600995,SPOT_ETH_USDT,3943.49,0.861404,BUY,0
1734011600995,SPOT_BTC_USDT,101052.01,0.00109,BUY,0
1734011601195,SPOT_ETH_USDT,3943.95,0.2799,BUY,0
1734011601195,SPOT_BTC_USDT,101059.2,0.00026,SELL,0
1734011601195,SPOT_BTC_USDT,101052.27,0.19553,BUY,0
1734011601395,SPOT_ETH_USDT,3944.16,0.009,BUY,0
1734011601395,SPOT_ETH_USDT,3944.15,0.1,SELL,0
1734011601595,SPOT_ETH_USDT,3943.82,0.026163,BUY,0
1734011601595,SPOT_BTC_USDT,101061.5,0.000775,BUY,0
1734011601595,SPOT_BTC_USDT,101060.9,0.0001,BUY,0
1734011601795,SPOT_BTC_USDT,101060.89,0.00413,SELL,0
1734011601795,SPOT_BTC_USDT,101061.4,0.00021,SELL,0
1734011601995,SPOT_ETH_USDT,3944.16,0.3578,BUY,0
1734011601995,SPOT_ETH_USDT,3944.16,0.003125,BUY,0
1734011602195,SPOT_ETH_USDT,3944.31,0.03532,SELL,0
1734011602195,SPOT_ETH_USDT,3944.21,0.1538,BUY,0
1734011602195,SPOT_ETH_USDT,3944.16,5.0,SELL,0
1734011602195,SPOT_BTC_USDT,101060.89,0.00052,SELL,0
1734011602395,SPOT_ETH_USDT,3944.38,0.3723,BUY,0
1734011602395,SPOT_ETH_USDT,3944.49,0.3779,BUY,0
1734011602595,SPOT_ETH_USDT,3944.55,0.2,BUY,0
1734011602595,SPOT_ETH_USDT,3944.48,0.1024,BUY,0
1734011602795,SPOT_ETH_USDT,3944.32,0.1,BUY,0
1734011602795,SPOT_ETH_USDT,3944.55,0.1,BUY,0
1734011602795,SPOT_BTC_USDT,101060.9,0.00023,BUY,0
1734011602795,SPOT_BTC_USDT,101060.89,0.00018,SELL,0
1734011602795,SPOT_BTC_USDT,101061.4,0.0001,SELL,0
1734011602995,SPOT_ETH_USDT,3944.47,13.0333,SELL,0
1734011602995,SPOT_ETH_USDT,3944.55,0.1,BUY,0
1734011602995,SPOT_ETH_USDT,3944.17,0.0001,SELL,0
1734011602995,SPOT_BTC_USDT,101061.4,1e-05,SELL,0
1734011602995,SPOT_BTC_USDT,101060.89,0.00035,SELL,0
1734011603195,SPOT_ETH_USDT,3944.01,0.0013,SELL,0
1734011603195,SPOT_BTC_USDT,101060.89,0.00555,SELL,0
1734011603195,SPOT_BTC_USDT,101061.4,9.8e-05,SELL,0
1734011603395,SPOT_ETH_USDT,3944.02,1.6556,BUY,0
1734011603395,SPOT_BTC_USDT,101069.46,0.1,BUY,0
1734011603395,SPOT_BTC_USDT,101060.9,0.00028,BUY,0
1734011603395,SPOT_BTC_USDT,101060.89,0.00017,SELL,0
1734011603595,SPOT_ETH_USDT,3944.01,0.0583,SELL,0
1734011603595,SPOT_ETH_USDT,3944.0,0.09338,SELL,0
1734011603595,SPOT_BTC_USDT,101060.89,0.00026,SELL,0
1734011603795,SPOT_ETH_USDT,3944.02,0.1678,BUY,0
1734011603795,SPOT_BTC_USDT,101060.89,0.00026,SELL,0
1734011603995,SPOT_ETH_USDT,3944.18,0.7607,SELL,0
1734011603995,SPOT_ETH_USDT,3944.18,0.2452,BUY,0
1734011603995,SPOT_ETH_USDT,3943.57,0.0755,BUY,0
1734011603995,SPOT_BTC_USDT,101060.9,0.00089,BUY,0
1734011603995,SPOT_BTC_USDT,101060.89,0.00022,SELL,0
1734011604195,SPOT_ETH_USDT,3944.19,0.2,BUY,0
1734011604395,SPOT_ETH_USDT,3944.19,0.1498,BUY,0
1734011604395,SPOT_BTC_USDT,101060.89,0.00052,SELL,0
1734011604595,SPOT_ETH_USDT,3944.51,3.517,BUY,0
1734011604595,SPOT_ETH_USDT,3943.99,0.787881,BUY,0
1734011604595,SPOT_BTC_USDT,101060.89,0.00102,SELL,0
1734011604795,SPOT_ETH_USDT,3944.69,0.2104,BUY,0
1734011604795,SPOT_ETH_USDT,3944.52,0.015,BUY,0
1734011604795,SPOT_BTC_USDT,101063.3,0.008735,BUY,0
1734011604995,SPOT_ETH_USDT,3944.23,0.076206,BUY,0
1734011604995,SPOT_ETH_USDT,3944.31,0.000151,SELL,0
1734011604995,SPOT_ETH_USDT,3944.65,0.1044,SELL,0
1734011605195,SPOT_BTC_USDT,101060.89,0.00025,SELL,0
1734011605195,SPOT_ETH_USDT,3944.48,1.8613,SELL,0
1734011605395,SPOT_ETH_USDT,3944.44,0.2905,SELL,0
1734011605395,SPOT_BTC_USDT,101060.89,0.00012,SELL,0
1734011605595,SPOT_BTC_USDT,101060.9,0.00022,BUY,0
1734011605595,SPOT_BTC_USDT,101060.89,0.00016,SELL,0
1734011605595,SPOT_BTC_USDT,101065.71,1e-05,SELL,0
1734011605595,SPOT_BTC_USDT,101065.8,1.6e-05,BUY,0
1734011605795,SPOT_ETH_USDT,3944.43,0.0277,SELL,0
1734011605795,SPOT_BTC_USDT,101060.89,0.00068,SELL,0
1734011605795,SPOT_BTC_USDT,101060.9,0.00091,BUY,0
1734011605795,SPOT_BTC_USDT,101065.8,9.8e-05,BUY,0
1734011605995,SPOT_BTC_USDT,101060.89,0.00404,SELL,0
1734011606195,SPOT_BTC_USDT,101060.89,0.24437,SELL,0
1734011606395,SPOT_BTC_USDT,101060.89,0.00018,SELL,0
1734011606395,SPOT_BTC_USDT,101069.46,0.1,BUY,0
1734011606395,SPOT_BTC_USDT,101065.49,0.014166,SELL,0
1734011606395,SPOT_ETH_USDT,3944.2,0.0001,SELL,0
1734011606595,SPOT_BTC_USDT,101060.9,0.0228,BUY,0
1734011606595,SPOT_BTC_USDT,101060.89,0.00017,SELL,0
1734011606595,SPOT_ETH_USDT,3944.44,0.0303,BUY,0
1734011606795,SPOT_BTC_USDT,101060.89,0.01099,SELL,0
1734011606995,SPOT_BTC_USDT,101060.89,0.00023,SELL,0
1734011606995,SPOT_ETH_USDT,3944.44,0.0048,BUY,0
1734011606995,SPOT_ETH_USDT,3944.27,0.02307,SELL,0
1734011607195,SPOT_BTC_USDT,101057.6,0.00011,BUY,0
1734011607195,SPOT_BTC_USDT,101064.51,0.031267,SELL,0
1734011607195,SPOT_BTC_USDT,101054.14,0.00356,BUY,0
1734011607195,SPOT_BTC_USDT,101060.1,0.97031,SELL,0
1734011607195,SPOT_ETH_USDT,3944.06,0.2601,BUY,0
1734011607195,SPOT_ETH_USDT,3944.01,6.006406,SELL,0
1734011607395,SPOT_ETH_USDT,3943.93,0.4457,SELL,0
1734011607395,SPOT_ETH_USDT,3943.54,0.0001,BUY,0
1734011607395,SPOT_BTC_USDT,101052.52,0.02384,SELL,0
1734011607395,SPOT_BTC_USDT,101046.17,0.00331,BUY,0
1734011607395,SPOT_BTC_USDT,101046.54,0.13019,SELL,0
1734011607595,SPOT_BTC_USDT,101039.94,0.005941,BUY,0
1734011607595,SPOT_BTC_USDT,101036.4,0.169437,SELL,0
1734011607595,SPOT_BTC_USDT,101047.05,0.53332,SELL,0
1734011607595,SPOT_ETH_USDT,3943.36,0.076123,BUY,0
1734011607595,SPOT_ETH_USDT,3944.0,8.282656,SELL,0
1734011607595,SPOT_ETH_USDT,3943.75,0.047,BUY,0
1734011607595,SPOT_ETH_USDT,3943.77,0.0648,SELL,0
1734011607795,SPOT_BTC_USDT,101038.75,0.04702,SELL,0
1734011607795,SPOT_BTC_USDT,101036.02,0.021392,SELL,0
1734011607795,SPOT_BTC_USDT,101036.2,0.005942,BUY,0
1734011607995,SPOT_BTC_USDT,101032.51,0.002774,SELL,0
1734011607995,SPOT_BTC_USDT,101036.01,0.00046,BUY,0
1734011608195,SPOT_BTC_USDT,101036.0,0.00594,SELL,0
1734011608195,SPOT_BTC_USDT,101052.58,0.002183,BUY,0
1734011608395,SPOT_ETH_USDT,3943.76,0.0379,BUY,0
1734011608395,SPOT_ETH_USDT,3943.69,0.026013,BUY,0
1734011608395,SPOT_BTC_USDT,101036.0,0.00049,SELL,0
1734011608595,SPOT_ETH_USDT,3944.1,0.1116,BUY,0
1734011608595,SPOT_ETH_USDT,3943.77,0.000255,BUY,0
1734011608595,SPOT_BTC_USDT,101036.0,0.00189,SELL,0
1734011608795,SPOT_WOO_USDT,0.3058,140.6,BUY,0
1734011608795,SPOT_BTC_USDT,101036.0,0.00029,SELL,0
1734011608995,SPOT_ETH_USDT,3944.11,0.006338,BUY,0
1734011608995,SPOT_BTC_USDT,101042.79,0.01192,BUY,0
1734011608995,SPOT_BTC_USDT,101042.7,1e-05,SELL,0
1734011609195,SPOT_BTC_USDT,101042.8,0.0297,BUY,0
1734011609195,SPOT_BTC_USDT,101036.0,0.0031,SELL,0
1734011609395,SPOT_ETH_USDT,3944.14,0.2481,BUY,0
1734011609395,SPOT_BTC_USDT,101042.8,0.03267,BUY,0
1734011609595,SPOT_BTC_USDT,101036.0,0.00112,SELL,0
1734011609595,SPOT_BTC_USDT,101050.51,0.12673,BUY,0
1734011609795,SPOT_ETH_USDT,3944.14,0.1304,BUY,0
1734011609795,SPOT_BTC_USDT,101042.8,0.02079,BUY,0
1734011609995,SPOT_ETH_USDT,3944.14,0.275,BUY,0
1734011609995,SPOT_BTC_USDT,101042.9,4.5e-05,BUY,0
1734011610195,SPOT_ETH_USDT,3944.21,0.1522,BUY,0
1734011610195,SPOT_ETH_USDT,3944.32,0.00015,BUY,0
1734011610195,SPOT_BTC_USDT,101041.39,0.05803,BUY,0
1734011610195,SPOT_BTC_USDT,101039.68,0.045779,BUY,0
1734011610195,SPOT_BTC_USDT,101042.8,1e-05,SELL,0
1734011610395,SPOT_BTC_USDT,101045.61,0.00068,SELL,0
1734011610395,SPOT_BTC_USDT,101045.62,0.00011,BUY,0
1734011610395,SPOT_BTC_USDT,101042.9,0.0087,BUY,0
1734011610595,SPOT_ETH_USDT,3944.29,0.1434,BUY,0
1734011610595,SPOT_BTC_USDT,101045.62,0.08243,BUY,0
1734011610595,SPOT_BTC_USDT,101030.2,0.1,SELL,0
1734011610795,SPOT_BTC_USDT,101045.61,0.00052,SELL,0
1734011610795,SPOT_BTC_USDT,101045.62,0.001,BUY,0
1734011610995,SPOT_ETH_USDT,3944.4,0.003,BUY,0
1734011610995,SPOT_BTC_USDT,101045.61,0.00021,SELL,0
1734011611195,SPOT_ETH_USDT,3944.4,0.1,BUY,0
1734011611195,SPOT_BTC_USDT,101045.61,5e-05,SELL,0
1734011611195,SPOT_BTC_USDT,101045.62,0.08732,BUY,0
1734011611395,SPOT_ETH_USDT,3944.4,0.2674,BUY,0
1734011611395,SPOT_ETH_USDT,3944.37,0.000355,SELL,0
1734011611395,SPOT_BTC_USDT,101045.61,0.02698,SELL,0
1734011611595,SPOT_ETH_USDT,3944.18,0.025987,SELL,0
1734011611595,SPOT_BTC_USDT,101045.61,0.001,SELL,0
1734011611595,SPOT_BTC_USDT,101030.3,0.00041,BUY,0
1734011611795,SPOT_ETH_USDT,3944.39,0.2409,SELL,0
1734011611795,SPOT_BTC_USDT,101045.61,6e-05,SELL,0
1734011611795,SPOT_BTC_USDT,101045.62,0.001,BUY,0
1734011611995,SPOT_BTC_USDT,101045.61,0.06484,SELL,0
1734011612195,SPOT_ETH_USDT,3944.39,1.4104,SELL,0
1734011612195,SPOT_BTC_USDT,101045.61,6e-05,SELL,0
1734011612395,SPOT_ETH_USDT,3944.01,0.008081,BUY,0
1734011612395,SPOT_ETH_USDT,3944.39,0.0021,SELL,0
1734011612395,SPOT_BTC_USDT,101052.58,0.1,BUY,0
1734011612395,SPOT_BTC_USDT,101045.61,8e-05,SELL,0
1734011612795,SPOT_BTC_USDT,101045.62,0.001,BUY,0
1734011612995,SPOT_ETH_USDT,3944.4,0.3,BUY,0
1734011612995,SPOT_WOO_USDT,0.3058,421.1,BUY,0
1734011612995,SPOT_BTC_USDT,101045.61,0.00052,SELL,0
1734011613195,SPOT_ETH_USDT,3944.28,0.001154,BUY,0
1734011613195,SPOT_ETH_USDT,3944.4,0.0783,BUY,0
1734011613195,SPOT_BTC_USDT,101047.29,0.01209,SELL,0
1734011613195,SPOT_BTC_USDT,101046.41,0.02555,BUY,0
1734011613395,SPOT_ETH_USDT,3944.17,0.000255,SELL,0
1734011613395,SPOT_ETH_USDT,3944.39,0.063,SELL,0
1734011613395,SPOT_BTC_USDT,101030.2,0.1,SELL,0
1734011613595,SPOT_ETH_USDT,3944.22,0.5543,SELL,0
1734011613595,SPOT_ETH_USDT,3944.0,0.0001,SELL,0
1734011613595,SPOT_BTC_USDT,101047.29,0.00052,SELL,0
1734011613795,SPOT_ETH_USDT,3944.0,0.1212,SELL,0
1734011613795,SPOT_WOO_USDT,0.3057,49.7,SELL,0
1734011613795,SPOT_BTC_USDT,101047.29,0.01301,SELL,0
1734011613795,SPOT_BTC_USDT,101047.3,0.001,BUY,0
1734011613995,SPOT_BTC_USDT,101034.55,0.034737,BUY,0
1734011614195,SPOT_ETH_USDT,3944.01,0.0278,BUY,0
1734011614195,SPOT_BTC_USDT,101050.83,0.01466,BUY,0
1734011614195,SPOT_BTC_USDT,101047.29,0.00035,SELL,0
1734011614395,SPOT_ETH_USDT,3944.01,0.025963,BUY,0
1734011614395,SPOT_ETH_USDT,3944.0,0.063,SELL,0
1734011614395,SPOT_BTC_USDT,101051.99,0.00011,SELL,0
1734011614595,SPOT_ETH_USDT,3944.01,4.9442,BUY,0
1734011614595,SPOT_BTC_USDT,101056.24,0.03048,BUY,0
1734011614795,SPOT_ETH_USDT,3944.21,0.0001,BUY,0
1734011614795,SPOT_BTC_USDT,101059.9,0.00013,SELL,0
1734011614795,SPOT_BTC_USDT,101053.71,0.006444,BUY,0
1734011614795,SPOT_BTC_USDT,101060.0,0.001,BUY,0
1734011614995,SPOT_ETH_USDT,3944.39,0.0406,BUY,0
1734011614995,SPOT_BTC_USDT,101059.95,0.000684,SELL,0
1734011614995,SPOT_BTC_USDT,101060.0,0.00026,BUY,0
1734011615195,SPOT_BTC_USDT,101060.0,0.00026,BUY,0
1734011615195,SPOT_BTC_USDT,101059.99,0.00226,SELL,0
1734011615395,SPOT_BTC_USDT,101073.9,0.114437,BUY,0
1734011615595,SPOT_ETH_USDT,3944.38,0.0581,SELL,0
1734011615595,SPOT_BTC_USDT,101059.99,0.00921,SELL,0
1734011615595,SPOT_BTC_USDT,101059.9,0.00045,SELL,0
1734011615795,SPOT_BTC_USDT,101059.99,0.00064,SELL,0
1734011615795,SPOT_BTC_USDT,101060.0,0.001,BUY,0
1734011615995,SPOT_BTC_USDT,101059.9,0.00027,SELL,0
1734011615995,SPOT_ETH_USDT,3944.37,0.0001,SELL,0
1734011615995,SPOT_ETH_USDT,3944.38,0.023208,BUY,0
1734011616195,SPOT_BTC_USDT,101061.8,0.001,BUY,0
1734011616395,SPOT_BTC_USDT,101059.99,6e-05,SELL,0
1734011616595,SPOT_ETH_USDT,3944.38,0.042,SELL,0
1734011616595,SPOT_BTC_USDT,101060.0,0.05791,BUY,0
1734011616595,SPOT_WOO_USDT,0.30555,8.71,SELL,0
1734011616795,SPOT_ETH_USDT,3944.18,0.0509,SELL,0
1734011616795,SPOT_BTC_USDT,101063.1,0.001825,BUY,0
1734011616795,SPOT_BTC_USDT,101063.01,1e-05,SELL,0
1734011616795,SPOT_BTC_USDT,101060.0,0.001,BUY,0
1734011616995,SPOT_ETH_USDT,3944.67,0.6803,BUY,0
1734011616995,SPOT_ETH_USDT,3944.38,0.035937,SELL,0
1734011616995,SPOT_WOO_USDT,0.30589,884.5,BUY,0
1734011616995,SPOT_BTC_USDT,101060.13,0.0301,BUY,0
1734011617195,SPOT_ETH_USDT,3944.52,0.015,BUY,0
1734011617195,SPOT_ETH_USDT,3944.99,0.1383,BUY,0
1734011617195,SPOT_BTC_USDT,101066.9,0.05121,SELL,0
1734011617195,SPOT_BTC_USDT,101066.32,0.04142,BUY,0
1734011617195,SPOT_BTC_USDT,101063.76,0.004577,BUY,0
1734011617395,SPOT_ETH_USDT,3944.98,0.063,SELL,0
1734011617595,SPOT_ETH_USDT,3944.99,0.0039,BUY,0
1734011617595,SPOT_ETH_USDT,3944.58,0.0108,BUY,0
1734011617595,SPOT_BTC_USDT,101068.0,0.00117,BUY,0
1734011617595,SPOT_BTC_USDT,101067.99,0.0057,SELL,0
1734011617795,SPOT_ETH_USDT,3944.99,0.1507,BUY,0
1734011617795,SPOT_BTC_USDT,101068.0,0.001,BUY,0
1734011617995,SPOT_WOO_USDT,0.306,50.4,SELL,0
1734011617995,SPOT_BTC_USDT,101065.7,0.000125,SELL,0
1734011618195,SPOT_BTC_USDT,101068.0,0.00371,BUY,0
1734011618395,SPOT_ETH_USDT,3945.05,0.5005,BUY,0
1734011618395,SPOT_ETH_USDT,3944.98,0.063,SELL,0
1734011618395,SPOT_BTC_USDT,101072.13,0.148892,BUY,0
1734011618395,SPOT_BTC_USDT,101065.71,1e-05,SELL,0
1734011618395,SPOT_BTC_USDT,101068.46,0.00019,SELL,0
1734011618395,SPOT_BTC_USDT,101068.26,0.01795,BUY,0
1734011618395,SPOT_WOO_USDT,0.30605,39.5,SELL,0
1734011618595,SPOT_BTC_USDT,101068.47,0.00084,BUY,0
1734011618595,SPOT_BTC_USDT,101068.46,0.00636,SELL,0
1734011618595,SPOT_ETH_USDT,3945.24,0.0866,BUY,0
1734011618795,SPOT_ETH_USDT,3945.06,4.912802,BUY,0
1734011618795,SPOT_ETH_USDT,3945.39,0.1218,BUY,0
1734011618795,SPOT_BTC_USDT,101069.61,0.00021,SELL,0
1734011618795,SPOT_BTC_USDT,101068.83,0.00106,BUY,0
1734011618995,SPOT_ETH_USDT,3945.39,0.9603,BUY,0
1734011618995,SPOT_BTC_USDT,101071.14,0.01546,BUY,0
1734011618995,SPOT_BTC_USDT,101071.4,5e-05,SELL,0
1734011619195,SPOT_ETH_USDT,3945.42,0.0976,BUY,0
1734011619195,SPOT_BTC_USDT,101080.3,0.000881,BUY,0
1734011619395,SPOT_WOO_USDT,0.3061,105.7,SELL,0
1734011619395,SPOT_BTC_USDT,101075.49,0.021274,BUY,0
1734011619595,SPOT_ETH_USDT,3945.5,0.0022,BUY,0
1734011619595,SPOT_BTC_USDT,101083.8,1e-05,SELL,0
1734011619595,SPOT_BTC_USDT,101083.9,0.001337,BUY,0
1734011619595,SPOT_BTC_USDT,101082.82,0.04733,BUY,0
1734011619795,SPOT_ETH_USDT,3945.5,0.0056,BUY,0
1734011619795,SPOT_WOO_USDT,0.3061,82.0,SELL,0
1734011619795,SPOT_BTC_USDT,101083.8,0.004538,SELL,0
1734011619795,SPOT_BTC_USDT,101083.64,0.001,BUY,0
1734011619995,SPOT_ETH_USDT,3945.69,0.029181,BUY,0
1734011619995,SPOT_ETH_USDT,3945.49,0.0014,SELL,0
1734011619995,SPOT_WOO_USDT,0.3061,42.7,SELL,0
1734011619995,SPOT_BTC_USDT,101085.63,0.03324,BUY,0
1734011619995,SPOT_BTC_USDT,101083.63,0.00012,SELL,0
1734011620195,SPOT_ETH_USDT,3945.5,0.247,BUY,0
1734011620195,SPOT_WOO_USDT,0.3061,39.5,SELL,0
1734011620195,SPOT_BTC_USDT,101083.91,0.080673,BUY,0
1734011620195,SPOT_BTC_USDT,101088.23,5e-05,SELL,0
1734011620195,SPOT_BTC_USDT,101087.62,0.03078,BUY,0
1734011620395,SPOT_ETH_USDT,3945.68,0.1,BUY,0
1734011620395,SPOT_BTC_USDT,101088.23,0.00038,SELL,0
1734011620595,SPOT_ETH_USDT,3945.77,0.3619,BUY,0
1734011620595,SPOT_BTC_USDT,101092.4,1e-05,SELL,0
1734011620595,SPOT_BTC_USDT,101090.15,0.0143,BUY,0
1734011620595,SPOT_BTC_USDT,101088.24,0.00099,BUY,0
1734011620795,SPOT_ETH_USDT,3945.93,0.0162,SELL,0
1734011620795,SPOT_BTC_USDT,101088.24,0.001,BUY,0
1734011620995,SPOT_BTC_USDT,101088.24,0.00049,BUY,0
1734011621195,SPOT_WOO_USDT,0.3062,816.2,SELL,0
1734011621195,SPOT_BTC_USDT,101103.11,0.100616,BUY,0
1734011621195,SPOT_BTC_USDT,101088.24,0.00099,BUY,0
1734011621395,SPOT_ETH_USDT,3945.49,0.0001,BUY,0
1734011621395,SPOT_ETH_USDT,3945.75,0.000256,SELL,0
1734011621395,SPOT_ETH_USDT,3945.88,0.2016,SELL,0
1734011621395,SPOT_BTC_USDT,101106.08,0.001626,SELL,0
1734011621595,SPOT_ETH_USDT,3945.8,0.0463,BUY,0
1734011621595,SPOT_BTC_USDT,101088.23,0.00104,SELL,0
1734011621795,SPOT_ETH_USDT,3945.8,0.1,BUY,0
1734011621795,SPOT_BTC_USDT,101088.23,9e-05,SELL,0
1734011621795,SPOT_BTC_USDT,101088.24,0.001,BUY,0
1734011621995,SPOT_ETH_USDT,3945.94,0.000255,BUY,0
1734011621995,SPOT_ETH_USDT,3945.83,4.9559,BUY,0
1734011621995,SPOT_BTC_USDT,101069.6,0.00014,SELL,0
1734011622195,SPOT_ETH_USDT,3946.0,0.2945,BUY,0
1734011622195,SPOT_ETH_USDT,3945.99,0.0015,SELL,0
1734011622195,SPOT_BTC_USDT,101088.23,5e-05,SELL,0
1734011622195,SPOT_BTC_USDT,101069.6,0.1,SELL,0
1734011622395,SPOT_ETH_USDT,3946.37,30.4526,BUY,0
1734011622395,SPOT_ETH_USDT,3945.98,3.530834,SELL,0
1734011622395,SPOT_BTC_USDT,101088.23,8e-05,SELL,0
1734011622395,SPOT_BTC_USDT,101092.4,1e-05,SELL,0
1734011622395,SPOT_BTC_USDT,101092.5,0.001333,BUY,0
1734011622595,SPOT_ETH_USDT,3945.98,0.025878,SELL,0
1734011622595,SPOT_BTC_USDT,101092.4,1.4e-05,SELL,0
1734011622795,SPOT_BTC_USDT,101088.23,0.00142,SELL,0
1734011622795,SPOT_BTC_USDT,101088.24,0.001,BUY,0
1734011622995,SPOT_BTC_USDT,101069.7,0.02723,BUY,0
1734011623195,SPOT_BTC_USDT,101088.24,9e-05,BUY,0
1734011623195,SPOT_ETH_USDT,3946.46,2.079,BUY,0
1734011623395,SPOT_ETH_USDT,3945.99,0.700336,BUY,0
1734011623395,SPOT_ETH_USDT,3946.45,0.042,SELL,0
1734011623395,SPOT_BTC_USDT,101088.23,0.00137,SELL,0
1734011623595,SPOT_ETH_USDT,3946.46,0.6776,BUY,0
1734011623795,SPOT_ETH_USDT,3945.99,4.215048,BUY,0
1734011623795,SPOT_BTC_USDT,101088.24,0.00994,BUY,0
1734011623995,SPOT_ETH_USDT,3946.56,0.1006,SELL,0
1734011623995,SPOT_ETH_USDT,3946.34,0.065,BUY,0
1734011623995,SPOT_BTC_USDT,101088.41,0.59638,BUY,0
1734011623995,SPOT_BTC_USDT,101088.23,0.00942,SELL,0
1734011623995,SPOT_BTC_USDT,101092.4,1e-05,SELL,0
1734011624195,SPOT_ETH_USDT,3946.57,0.003,BUY,0
1734011624195,SPOT_ETH_USDT,3946.41,0.803354,BUY,0
1734011624195,SPOT_ETH_USDT,3946.42,0.0001,SELL,0
1734011624195,SPOT_BTC_USDT,101106.09,0.1,BUY,0
1734011624195,SPOT_BTC_USDT,101096.0,0.00377,BUY,0
1734011624395,SPOT_ETH_USDT,3946.53,0.420659,BUY,0
1734011624395,SPOT_ETH_USDT,3946.57,3.0189,BUY,0
1734011624395,SPOT_BTC_USDT,101090.05,0.024278,BUY,0
1734011624395,SPOT_BTC_USDT,101092.4,0.01,SELL,0
1734011624395,SPOT_BTC_USDT,101096.99,0.02801,BUY,0
1734011624395,SPOT_BTC_USDT,101095.99,0.00684,SELL,0
1734011624595,SPOT_ETH_USDT,3946.75,0.004,SELL,0
1734011624595,SPOT_ETH_USDT,3946.76,0.2851,BUY,0
1734011624595,SPOT_WOO_USDT,0.3062,39.5,SELL,0
1734011624595,SPOT_BTC_USDT,101099.99,0.00144,SELL,0
1734011624595,SPOT_BTC_USDT,101099.06,5e-05,SELL,0
1734011624795,SPOT_ETH_USDT,3946.76,0.1,BUY,0
1734011624795,SPOT_WOO_USDT,0.3062,43.8,SELL,0
1734011624795,SPOT_BTC_USDT,101100.0,0.001,BUY,0
1734011624995,SPOT_ETH_USDT,3946.76,0.5664,BUY,0
1734011624995,SPOT_ETH_USDT,3946.22,0.3372,SELL,0
1734011624995,SPOT_BTC_USDT,101100.0,0.02477,BUY,0
1734011624995,SPOT_BTC_USDT,101099.99,0.2502,SELL,0
1734011625195,SPOT_ETH_USDT,3946.82,2.1103,BUY,0
1734011625195,SPOT_ETH_USDT,3946.48,2.613702,BUY,0
1734011625195,SPOT_WOO_USDT,0.3063,10.0,SELL,0
1734011625195,SPOT_WOO_USDT,0.3063,816.0,BUY,0
1734011625395,SPOT_ETH_USDT,3947.11,0.0077,SELL,0
1734011625395,SPOT_ETH_USDT,3947.06,0.1738,BUY,0
1734011625395,SPOT_BTC_USDT,101099.99,0.00012,SELL,0
1734011625395,SPOT_WOO_USDT,0.30609,4288.92,SELL,0
1734011625395,SPOT_WOO_USDT,0.306,17.7,BUY,0
1734011625395,SPOT_WOO_USDT,0.30595,30000.0,SELL,0
1734011625595,SPOT_ETH_USDT,3947.11,0.2823,SELL,0
1734011625595,SPOT_ETH_USDT,3947.12,0.1,BUY,0
1734011625595,SPOT_ETH_USDT,3946.92,0.00043,SELL,0
1734011625595,SPOT_BTC_USDT,101100.0,7e-05,BUY,0
1734011625595,SPOT_BTC_USDT,101099.99,8e-05,SELL,0
1734011625595,SPOT_BTC_USDT,101099.9,0.004944,SELL,0
1734011625795,SPOT_ETH_USDT,3947.12,0.2,BUY,0
1734011625795,SPOT_ETH_USDT,3946.92,0.000478,SELL,0
1734011625795,SPOT_BTC_USDT,101099.9,1e-05,SELL,0
1734011625795,SPOT_BTC_USDT,101100.0,4.3e-05,BUY,0
1734011625795,SPOT_BTC_USDT,101100.0,0.00112,BUY,0
1734011625795,SPOT_BTC_USDT,101099.99,7e-05,SELL,0
1734011625995,SPOT_ETH_USDT,3947.12,0.113,BUY,0
1734011625995,SPOT_BTC_USDT,101099.99,5e-05,SELL,0
1734011626195,SPOT_ETH_USDT,3946.65,0.006645,SELL,0
1734011626195,SPOT_ETH_USDT,3946.75,0.0001,BUY,0
1734011626195,SPOT_ETH_USDT,3947.06,0.6363,SELL,0
1734011626395,SPOT_ETH_USDT,3946.99,0.3268,BUY,0
1734011626395,SPOT_ETH_USDT,3946.65,14.809532,BUY,0
1734011626395,SPOT_BTC_USDT,101099.8,0.000762,SELL,0
1734011626395,SPOT_BTC_USDT,101100.0,0.00023,BUY,0
1734011626595,SPOT_ETH_USDT,3947.0,0.1,BUY,0
1734011626595,SPOT_BTC_USDT,101099.99,0.00175,SELL,0
1734011626795,SPOT_ETH_USDT,3947.0,0.255,BUY,0
1734011626795,SPOT_ETH_USDT,3946.99,0.05,SELL,0
1734011626795,SPOT_BTC_USDT,101099.99,0.00016,SELL,0
1734011626795,SPOT_BTC_USDT,101100.0,0.001,BUY,0
1734011626995,SPOT_ETH_USDT,3947.0,0.2,BUY,0
1734011626995,SPOT_ETH_USDT,3946.99,0.2791,SELL,0
1734011626995,SPOT_ETH_USDT,3946.85,1.691411,SELL,0
1734011627195,SPOT_ETH_USDT,3946.99,0.0013,SELL,0
1734011627195,SPOT_ETH_USDT,3947.0,0.1,BUY,0
1734011627195,SPOT_ETH_USDT,3946.81,0.0001,SELL,0
1734011627195,SPOT_BTC_USDT,101110.32,0.009889,SELL,0
1734011627195,SPOT_BTC_USDT,101115.59,0.100513,BUY,0
1734011627395,SPOT_ETH_USDT,3947.0,0.2643,BUY,0
1734011627395,SPOT_BTC_USDT,101099.8,1e-05,SELL,0
1734011627395,SPOT_BTC_USDT,101099.9,0.00133,BUY,0
1734011627395,SPOT_BTC_USDT,101100.0,0.00027,BUY,0
1734011627595,SPOT_ETH_USDT,3946.85,16.15,SELL,0
1734011627595,SPOT_ETH_USDT,3947.0,0.1461,BUY,0
1734011627595,SPOT_ETH_USDT,3946.81,2.579528,SELL,0
1734011627595,SPOT_BTC_USDT,101100.0,0.00018,BUY,0
1734011627595,SPOT_BTC_USDT,101099.99,0.00031,SELL,0
1734011627795,SPOT_ETH_USDT,3946.5,0.3615,SELL,0
1734011627795,SPOT_ETH_USDT,3946.51,12.8772,BUY,0
1734011627795,SPOT_ETH_USDT,3946.55,0.2651,SELL,0
1734011627795,SPOT_BTC_USDT,101099.8,0.009888,SELL,0
1734011627795,SPOT_BTC_USDT,101100.0,0.001,BUY,0
1734011627995,SPOT_ETH_USDT,3946.33,2.2754,SELL,0
1734011627995,SPOT_ETH_USDT,3945.96,9.997355,SELL,0
1734011627995,SPOT_BTC_USDT,101094.3,0.099362,SELL,0
1734011627995,SPOT_BTC_USDT,101099.92,0.80732,SELL,0
1734011628195,SPOT_ETH_USDT,3945.54,0.0001,BUY,0
1734011628195,SPOT_ETH_USDT,3945.8,0.2635,SELL,0
1734011628195,SPOT_BTC_USDT,101089.88,0.00246,SELL,0
1734011628195,SPOT_BTC_USDT,101089.89,0.0492,BUY,0
1734011628195,SPOT_BTC_USDT,101085.28,0.00026,BUY,0
1734011628195,SPOT_BTC_USDT,101077.41,0.104359,SELL,0
1734011628395,SPOT_BTC_USDT,101083.9,1e-05,BUY,0
1734011628395,SPOT_BTC_USDT,101083.8,1e-05,SELL,0
1734011628595,SPOT_ETH_USDT,3945.81,5.1711,BUY,0
1734011628595,SPOT_BTC_USDT,101088.09,0.011058,SELL,0
1734011628595,SPOT_BTC_USDT,101088.7,0.00024,BUY,0
1734011628795,SPOT_ETH_USDT,3946.1,0.0324,SELL,0
1734011628795,SPOT_BTC_USDT,101089.89,0.07065,BUY,0
1734011628795,SPOT_BTC_USDT,101089.5,0.000882,BUY,0
1734011628795,SPOT_WOO_USDT,0.3059,55.2,SELL,0
1734011628795,SPOT_WOO_USDT,0.306,1182.6,BUY,0
1734011628995,SPOT_ETH_USDT,3946.01,0.0738,SELL,0
1734011628995,SPOT_BTC_USDT,101089.88,0.0045,SELL,0
1734011629195,SPOT_ETH_USDT,3945.98,0.0792,SELL,0
1734011629195,SPOT_BTC_USDT,101094.1,0.000762,BUY,0
1734011629195,SPOT_BTC_USDT,101089.88,0.00019,SELL,0
1734011629395,SPOT_ETH_USDT,3945.84,0.132,SELL,0
1734011629395,SPOT_ETH_USDT,3945.4,0.0001,SELL,0
1734011629395,SPOT_BTC_USDT,101104.9,0.000183,SELL,0
1734011629395,SPOT_BTC_USDT,101089.89,0.00081,BUY,0
1734011629595,SPOT_ETH_USDT,3945.83,0.0339,BUY,0
1734011629595,SPOT_ETH_USDT,3945.82,0.2923,SELL,0
1734011629595,SPOT_BTC_USDT,101094.0,0.001329,SELL,0
1734011629795,SPOT_ETH_USDT,3945.83,0.2468,BUY,0
1734011629795,SPOT_BTC_USDT,101089.89,0.001,BUY,0
1734011629995,SPOT_ETH_USDT,3945.83,0.133,BUY,0
1734011629995,SPOT_BTC_USDT,101105.52,0.108622,BUY,0
1734011630195,SPOT_ETH_USDT,3945.83,0.3522,BUY,0
1734011630195,SPOT_BTC_USDT,101073.3,0.00191,SELL,0
1734011630195,SPOT_BTC_USDT,101089.89,0.00021,BUY,0
1734011630395,SPOT_ETH_USDT,3945.83,0.1191,BUY,0
1734011630395,SPOT_WOO_USDT,0.3059,21.0,SELL,0
1734011630595,SPOT_ETH_USDT,3945.59,0.005255,BUY,0
1734011630595,SPOT_ETH_USDT,3945.83,0.0053,BUY,0
1734011630595,SPOT_BTC_USDT,101090.23,0.18009,BUY,0
1734011630595,SPOT_BTC_USDT,101090.55,0.00144,SELL,0
1734011630795,SPOT_ETH_USDT,3945.56,3.026952,SELL,0
1734011630795,SPOT_ETH_USDT,3945.71,8.4379,SELL,0
1734011630795,SPOT_ETH_USDT,3945.81,0.0086,BUY,0
1734011630795,SPOT_BTC_USDT,101093.37,0.011422,SELL,0
1734011630795,SPOT_BTC_USDT,101099.57,0.001,BUY,0
1734011630995,SPOT_ETH_USDT,3945.08,0.0001,BUY,0
1734011630995,SPOT_BTC_USDT,101099.56,0.01219,SELL,0
1734011631395,SPOT_ETH_USDT,3945.58,0.0128,SELL,0
1734011631395,SPOT_BTC_USDT,101099.56,0.00781,SELL,0
1734011631595,SPOT_BTC_USDT,101099.57,0.0005,BUY,0
1734011631595,SPOT_BTC_USDT,101099.56,0.00078,SELL,0
1734011631595,SPOT_BTC_USDT,101094.0,0.005933,SELL,0
1734011631795,SPOT_BTC_USDT,101099.57,0.001,BUY,0
1734011631995,SPOT_BTC_USDT,101099.56,0.00054,SELL,0
1734011632195,SPOT_BTC_USDT,101094.0,1e-05,SELL,0
1734011632195,SPOT_BTC_USDT,101094.1,0.001327,BUY,0
1734011632395,SPOT_ETH_USDT,3945.59,0.5576,BUY,0
1734011632395,SPOT_ETH_USDT,3945.58,0.0126,SELL,0
1734011632595,SPOT_BTC_USDT,101095.33,0.000981,SELL,0
1734011632595,SPOT_BTC_USDT,101094.67,0.38655,BUY,0
1734011632795,SPOT_BTC_USDT,101099.56,0.00385,SELL,0
1734011632795,SPOT_BTC_USDT,101099.57,0.001,BUY,0
1734011632995,SPOT_ETH_USDT,3945.58,0.0129,SELL,0
1734011632995,SPOT_ETH_USDT,3945.59,0.256,BUY,0
1734011632995,SPOT_ETH_USDT,3945.34,0.000255,BUY,0
1734011632995,SPOT_BTC_USDT,101105.53,0.1,BUY,0
1734011632995,SPOT_BTC_USDT,101099.9,0.012,SELL,0
1734011633195,SPOT_ETH_USDT,3945.54,0.0001,SELL,0
1734011633195,SPOT_ETH_USDT,3945.59,0.1,BUY,0
1734011633395,SPOT_ETH_USDT,3945.59,0.2018,BUY,0
1734011633395,SPOT_BTC_USDT,101099.57,0.00094,BUY,0
1734011633595,SPOT_ETH_USDT,3945.71,0.1666,BUY,0
1734011633595,SPOT_ETH_USDT,3945.55,0.003126,BUY,0
1734011633595,SPOT_BTC_USDT,101099.56,0.00326,SELL,0
1734011633595,SPOT_BTC_USDT,101099.57,0.00018,BUY,0
1734011633795,SPOT_ETH_USDT,3945.72,2.4508,BUY,0
1734011633795,SPOT_BTC_USDT,101099.57,0.001,BUY,0
1734011633995,SPOT_ETH_USDT,3946.14,0.4054,BUY,0
1734011633995,SPOT_ETH_USDT,3946.11,13.2113,BUY,0
1734011633995,SPOT_BTC_USDT,101099.56,0.00119,SELL,0
1734011634195,SPOT_ETH_USDT,3946.39,0.0001,BUY,0
1734011634195,SPOT_ETH_USDT,3946.39,0.0468,BUY,0
1734011634195,SPOT_BTC_USDT,101099.47,1.196032,BUY,0
1734011634195,SPOT_BTC_USDT,101099.57,0.00018,BUY,0
1734011634395,SPOT_ETH_USDT,3946.46,0.2,BUY,0
1734011634395,SPOT_BTC_USDT,101103.5,0.00053,BUY,0
1734011634595,SPOT_ETH_USDT,3946.46,0.1,BUY,0
1734011634595,SPOT_BTC_USDT,101099.56,0.00233,SELL,0
1734011634795,SPOT_ETH_USDT,3946.46,0.1,BUY,0
1734011634795,SPOT_ETH_USDT,3946.45,0.1686,SELL,0
1734011634795,SPOT_ETH_USDT,3946.47,0.003697,SELL,0
1734011634795,SPOT_BTC_USDT,101099.56,0.00035,SELL,0
1734011634795,SPOT_BTC_USDT,101099.57,0.001,BUY,0
1734011634995,SPOT_ETH_USDT,3946.46,0.1,BUY,0
1734011634995,SPOT_BTC_USDT,101099.56,0.005,SELL,0
1734011635195,SPOT_ETH_USDT,3946.34,0.000255,SELL,0
1734011635195,SPOT_ETH_USDT,3946.46,0.1,BUY,0
1734011635395,SPOT_ETH_USDT,3946.3,0.0001,SELL,0
1734011635395,SPOT_BTC_USDT,101103.4,1e-05,SELL,0
1734011635595,SPOT_ETH_USDT,3946.48,0.015,BUY,0
1734011635595,SPOT_BTC_USDT,101099.56,0.00132,SELL,0
1734011635795,SPOT_ETH_USDT,3946.45,0.042,SELL,0
1734011635795,SPOT_BTC_USDT,101099.56,4e-05,SELL,0
1734011635795,SPOT_BTC_USDT,101099.57,0.001,BUY,0
1734011636195,SPOT_ETH_USDT,3946.52,0.5725,BUY,0
1734011636195,SPOT_BTC_USDT,101099.56,0.00177,SELL,0
1734011636195,SPOT_BTC_USDT,101081.5,0.02482,BUY,0
1734011636395,SPOT_ETH_USDT,3946.74,0.558,SELL,0
1734011636595,SPOT_ETH_USDT,3946.74,0.0013,SELL,0
1734011636595,SPOT_ETH_USDT,3946.75,0.0115,BUY,0
1734011636595,SPOT_BTC_USDT,101099.56,0.00192,SELL,0
1734011636795,SPOT_ETH_USDT,3946.41,0.0001,BUY,0
1734011636795,SPOT_WOO_USDT,0.306,1063.7,SELL,0
1734011636795,SPOT_BTC_USDT,101099.57,0.001,BUY,0
1734011636995,SPOT_ETH_USDT,3946.74,2.663,SELL,0
1734011636995,SPOT_ETH_USDT,3946.26,0.050715,SELL,0
1734011636995,SPOT_BTC_USDT,101080.48,0.10254,SELL,0
1734011636995,SPOT_BTC_USDT,101103.5,0.001325,BUY,0
1734011637195,SPOT_ETH_USDT,3946.3,9.62141,BUY,0
1734011637195,SPOT_ETH_USDT,3946.74,0.2,SELL,0
1734011637195,SPOT_BTC_USDT,101099.56,0.04945,SELL,0
1734011637395,SPOT_BTC_USDT,101099.57,0.00089,BUY,0
1734011637395,SPOT_BTC_USDT,101103.4,0.000408,SELL,0
1734011637595,SPOT_ETH_USDT,3946.74,0.0542,SELL,0
1734011637795,SPOT_ETH_USDT,3946.75,0.0037,BUY,0
1734011637795,SPOT_ETH_USDT,3946.42,0.134196,SELL,0
1734011637795,SPOT_BTC_USDT,101099.56,0.00099,SELL,0
1734011637795,SPOT_BTC_USDT,101099.57,0.001,BUY,0
1734011637995,SPOT_ETH_USDT,3946.53,0.000255,BUY,0
1734011637995,SPOT_BTC_USDT,101099.56,0.00301,SELL,0
1734011638395,SPOT_BTC_USDT,101100.67,0.00012,SELL,0
1734011638395,SPOT_ETH_USDT,3946.52,0.000355,SELL,0
1734011638595,SPOT_BTC_USDT,101094.1,1.1e-05,SELL,0
1734011638595,SPOT_BTC_USDT,101094.2,0.00022,BUY,0
1734011638795,SPOT_ETH_USDT,3946.75,0.1285,SELL,0
1734011638795,SPOT_ETH_USDT,3946.75,0.0288,BUY,0
1734011638795,SPOT_ETH_USDT,3946.8,0.010424,BUY,0
1734011638795,SPOT_BTC_USDT,101100.7,0.00014,SELL,0
1734011638795,SPOT_BTC_USDT,101099.56,0.00031,SELL,0
1734011638795,SPOT_BTC_USDT,101099.57,0.02572,BUY,0
1734011638995,SPOT_ETH_USDT,3946.76,0.1,BUY,0
1734011639195,SPOT_ETH_USDT,3946.76,0.2,BUY,0
1734011639195,SPOT_BTC_USDT,101099.56,0.01121,SELL,0
1734011639195,SPOT_BTC_USDT,101101.01,0.001324,SELL,0
1734011639395,SPOT_ETH_USDT,3946.76,0.1,BUY,0
1734011639395,SPOT_BTC_USDT,101099.56,0.00296,SELL,0
1734011639595,SPOT_ETH_USDT,3946.61,0.0001,BUY,0
1734011639595,SPOT_ETH_USDT,3946.75,0.0221,SELL,0
1734011639595,SPOT_ETH_USDT,3946.76,0.1502,BUY,0
1734011639595,SPOT_BTC_USDT,101099.57,0.00026,BUY,0
1734011639595,SPOT_BTC_USDT,101099.56,0.01473,SELL,0
1734011639795,SPOT_ETH_USDT,3946.7,0.001,BUY,0
1734011639795,SPOT_ETH_USDT,3946.6,0.005655,SELL,0
1734011639795,SPOT_BTC_USDT,101099.57,0.00105,BUY,0
1734011639795,SPOT_BTC_USDT,101099.56,0.00019,SELL,0
1734011639995,SPOT_ETH_USDT,3946.76,0.1,BUY,0
1734011639995,SPOT_BTC_USDT,101099.57,0.00085,BUY,0
1734011640195,SPOT_ETH_USDT,3946.76,0.1,BUY,0
1734011640195,SPOT_BTC_USDT,101099.57,0.00048,BUY,0
1734011640395,SPOT_BTC_USDT,101099.56,0.00024,SELL,0
1734011640395,SPOT_BTC_USDT,101101.0,3.3e-05,SELL,0
1734011640395,SPOT_ETH_USDT,3946.76,0.4453,BUY,0
1734011640395,SPOT_ETH_USDT,3946.75,0.0304,SELL,0
1734011640595,SPOT_ETH_USDT,3946.83,0.1906,BUY,0
1734011640595,SPOT_BTC_USDT,101094.2,0.00011,BUY,0
1734011640595,SPOT_BTC_USDT,101100.98,0.019863,SELL,0
1734011640595,SPOT_BTC_USDT,101099.56,7e-05,SELL,0
1734011640595,SPOT_BTC_USDT,101099.57,9e-05,BUY,0
1734011640795,SPOT_ETH_USDT,3947.0,0.0012,BUY,0
1734011640795,SPOT_ETH_USDT,3946.79,0.0001,SELL,0
1734011640795,SPOT_ETH_USDT,3946.8,0.012895,BUY,0
1734011640795,SPOT_BTC_USDT,101099.57,0.02868,BUY,0
1734011640795,SPOT_BTC_USDT,101098.0,0.000197,BUY,0
1734011640995,SPOT_ETH_USDT,3947.0,0.2171,BUY,0
1734011641195,SPOT_ETH_USDT,3946.79,0.535227,SELL,0
1734011641195,SPOT_ETH_USDT,3946.99,0.0016,SELL,0
1734011641195,SPOT_BTC_USDT,101099.57,0.00245,BUY,0
1734011641195,SPOT_BTC_USDT,101098.0,4.4e-05,BUY,0
1734011641595,SPOT_WOO_USDT,0.306,1668.2,SELL,0
1734011641595,SPOT_BTC_USDT,101097.9,1e-05,SELL,0
1734011641595,SPOT_BTC_USDT,101099.57,0.00098,BUY,0
1734011641795,SPOT_ETH_USDT,3946.99,0.0038,SELL,0
1734011641795,SPOT_ETH_USDT,3946.63,0.0001,BUY,0
1734011641795,SPOT_BTC_USDT,101099.56,0.02089,SELL,0
1734011641795,SPOT_BTC_USDT,101099.57,0.01089,BUY,0
1734011641995,SPOT_ETH_USDT,3946.99,0.042,SELL,0
1734011641995,SPOT_ETH_USDT,3947.0,0.0128,BUY,0
1734011641995,SPOT_BTC_USDT,101099.57,0.00019,BUY,0
1734011642195,SPOT_BTC_USDT,101099.56,0.00101,SELL,0
1734011642195,SPOT_WOO_USDT,0.3059,875.2,SELL,0
1734011642195,SPOT_ETH_USDT,3946.84,5.0231,SELL,0
1734011642195,SPOT_ETH_USDT,3946.61,0.0296,BUY,0
1734011642395,SPOT_ETH_USDT,3946.61,0.0023,BUY,0
1734011642395,SPOT_ETH_USDT,3946.6,0.0454,SELL,0
1734011642395,SPOT_ETH_USDT,3946.27,0.311068,BUY,0
1734011642395,SPOT_ETH_USDT,3946.34,0.030551,SELL,0
1734011642395,SPOT_BTC_USDT,101099.56,0.0608,SELL,0
1734011642595,SPOT_ETH_USDT,3946.56,10.0015,SELL,0
1734011642795,SPOT_ETH_USDT,3946.26,0.0001,SELL,0
1734011642795,SPOT_ETH_USDT,3946.46,0.005,BUY,0
1734011642795,SPOT_BTC_USDT,101099.57,0.00127,BUY,0
1734011642795,SPOT_BTC_USDT,101099.56,0.55302,SELL,0
1734011642795,SPOT_BTC_USDT,101097.7,1e-05,SELL,0
1734011642995,SPOT_ETH_USDT,3946.33,0.000255,BUY,0
1734011642995,SPOT_ETH_USDT,3946.45,0.0377,SELL,0
1734011642995,SPOT_BTC_USDT,101099.56,0.00026,SELL,0
1734011643195,SPOT_BTC_USDT,101099.56,0.00165,SELL,0
1734011643195,SPOT_ETH_USDT,3946.46,0.1467,BUY,0
1734011643395,SPOT_WOO_USDT,0.3058,294.3,SELL,0
1734011643395,SPOT_ETH_USDT,3946.45,0.0566,SELL,0
1734011643595,SPOT_BTC_USDT,101099.15,0.54952,SELL,0
1734011643595,SPOT_ETH_USDT,3946.14,0.000255,SELL,0
1734011643795,SPOT_ETH_USDT,3946.11,0.0001,BUY,0
1734011643795,SPOT_BTC_USDT,101091.4,0.00842,SELL,0
1734011643795,SPOT_BTC_USDT,101094.8,0.03832,BUY,0
1734011643795,SPOT_BTC_USDT,101097.59,0.000172,BUY,0
1734011643995,SPOT_ETH_USDT,3946.45,0.2977,SELL,0
1734011643995,SPOT_ETH_USDT,3946.11,0.001267,BUY,0
1734011644195,SPOT_ETH_USDT,3946.4,1.7396,SELL,0
