timestamp,symbol,price,size,side,source
1733928114995,SPOT_BTC_USDT,98885.08,0.34191,BUY,0
1733928114995,SPOT_BTC_USDT,98891.98,0.00109,SELL,0
1733928114995,SPOT_BTC_USDT,98890.1,0.006858,BUY,0
1733928114995,SPOT_BTC_USDT,98884.1,0.010036,SELL,0
1733928114995,SPOT_ETH_USDT,3738.45,0.628,BUY,0
1733928114995,SPOT_ETH_USDT,3738.14,0.14075,BUY,0
1733928115195,SPOT_BTC_USDT,98884.1,0.00215,SELL,0
1733928115195,SPOT_ETH_USDT,3738.6,0.0034,BUY,0
1733928115595,SPOT_BTC_USDT,98893.9,0.00069,SELL,0
1733928115595,SPOT_BTC_USDT,98893.91,0.00054,BUY,0
1733928115595,SPOT_ETH_USDT,3738.6,0.5436,BUY,0
1733928115795,SPOT_BTC_USDT,98893.91,0.00122,BUY,0
1733928115795,SPOT_ETH_USDT,3738.6,1.3878,BUY,0
1733928115995,SPOT_ETH_USDT,3738.51,0.000369,SELL,0
1733928116195,SPOT_ETH_USDT,3738.45,0.8658,SELL,0
1733928116195,SPOT_BTC_USDT,98884.2,0.02927,BUY,0
1733928116395,SPOT_BTC_USDT,98893.1,1e-05,BUY,0
1733928116395,SPOT_BTC_USDT,98894.2,1e-05,SELL,0
1733928116395,SPOT_BTC_USDT,98893.85,0.0351,SELL,0
1733928116395,SPOT_BTC_USDT,98893.91,0.00018,BUY,0
1733928116595,SPOT_BTC_USDT,98892.46,0.271108,SELL,0
1733928116595,SPOT_BTC_USDT,98892.87,0.30835,SELL,0
1733928116595,SPOT_BTC_USDT,98893.05,0.0055,BUY,0
1733928116595,SPOT_ETH_USDT,3738.25,0.045925,SELL,0
1733928116595,SPOT_ETH_USDT,3738.43,0.4356,SELL,0
1733928116795,SPOT_BTC_USDT,98884.07,0.040869,SELL,0
1733928116795,SPOT_BTC_USDT,98884.01,0.001,SELL,0
1733928116795,SPOT_BTC_USDT,98884.02,0.00083,BUY,0
1733928116795,SPOT_ETH_USDT,3738.29,0.4069,BUY,0
1733928116995,SPOT_BTC_USDT,98866.01,0.003527,SELL,0
1733928116995,SPOT_BTC_USDT,98884.1,8e-05,BUY,0
1733928116995,SPOT_WOO_USDT,0.2909,859.0,SELL,0
1733928116995,SPOT_ETH_USDT,3738.17,1.46,SELL,0
1733928116995,SPOT_ETH_USDT,3738.03,0.2786,SELL,0
1733928117195,SPOT_ETH_USDT,3738.02,0.0648,SELL,0
1733928117195,SPOT_ETH_USDT,3737.58,0.11,SELL,0
1733928117195,SPOT_ETH_USDT,3737.59,0.0022,BUY,0
1733928117195,SPOT_BTC_USDT,98866.97,0.165917,SELL,0
1733928117195,SPOT_BTC_USDT,98874.4,0.000505,BUY,0
1733928117195,SPOT_BTC_USDT,98872.02,0.00013,BUY,0
1733928117195,SPOT_BTC_USDT,98874.8,0.06974,SELL,0
1733928117395,SPOT_BTC_USDT,98872.49,0.00227,SELL,0
1733928117395,SPOT_BTC_USDT,98872.01,0.001,SELL,0
1733928117395,SPOT_ETH_USDT,3737.82,0.0036,BUY,0
1733928117395,SPOT_ETH_USDT,3738.0,1.2904,SELL,0
1733928117595,SPOT_ETH_USDT,3737.66,7.3473,SELL,0
1733928117595,SPOT_ETH_USDT,3737.82,0.0026,BUY,0
1733928117595,SPOT_ETH_USDT,3737.32,2.13589,SELL,0
1733928117595,SPOT_ETH_USDT,3737.49,0.0011,BUY,0
1733928117595,SPOT_BTC_USDT,98871.79,0.226599,SELL,0
1733928117595,SPOT_BTC_USDT,98870.9,0.03992,SELL,0
1733928117795,SPOT_ETH_USDT,3736.51,0.0741,BUY,0
1733928117795,SPOT_ETH_USDT,3737.53,2.3577,SELL,0
1733928117795,SPOT_ETH_USDT,3737.33,0.135,SELL,0
1733928117795,SPOT_BTC_USDT,98856.48,0.042965,SELL,0
1733928117795,SPOT_BTC_USDT,98867.79,0.01923,SELL,0
1733928117995,SPOT_ETH_USDT,3736.9,0.1301,SELL,0
1733928117995,SPOT_ETH_USDT,3736.91,0.000267,BUY,0
1733928117995,SPOT_BTC_USDT,98863.31,0.08336,SELL,0
1733928117995,SPOT_BTC_USDT,98855.17,0.03392,SELL,0
1733928117995,SPOT_BTC_USDT,98859.2,0.00301,BUY,0
1733928118195,SPOT_ETH_USDT,3737.22,2.6588,SELL,0
1733928118195,SPOT_ETH_USDT,3737.23,2.6737,BUY,0
1733928118195,SPOT_BTC_USDT,98860.0,0.00504,SELL,0
1733928118195,SPOT_BTC_USDT,98860.01,0.00395,BUY,0
1733928118395,SPOT_ETH_USDT,3736.91,0.023802,BUY,0
1733928118395,SPOT_BTC_USDT,98857.4,0.00277,SELL,0
1733928118395,SPOT_BTC_USDT,98856.2,0.046084,BUY,0
1733928118395,SPOT_BTC_USDT,98860.0,0.001,SELL,0
1733928118595,SPOT_BTC_USDT,98856.3,0.00165,SELL,0
1733928118595,SPOT_BTC_USDT,98860.0,0.00085,SELL,0
1733928118595,SPOT_ETH_USDT,3737.05,0.0038,BUY,0
1733928118595,SPOT_ETH_USDT,3736.51,0.1225,BUY,0
1733928118795,SPOT_BTC_USDT,98860.0,0.001,SELL,0
1733928118795,SPOT_ETH_USDT,3736.74,0.005,BUY,0
1733928118795,SPOT_ETH_USDT,3737.03,0.1596,SELL,0
1733928118995,SPOT_ETH_USDT,3737.0,0.0037,SELL,0
1733928118995,SPOT_BTC_USDT,98859.88,0.00019,BUY,0
1733928118995,SPOT_BTC_USDT,98856.2,0.0002,BUY,0
1733928119195,SPOT_BTC_USDT,98859.42,0.00546,SELL,0
1733928119195,SPOT_ETH_USDT,3737.0,3.034,SELL,0
1733928119195,SPOT_ETH_USDT,3736.72,0.026881,SELL,0
1733928119395,SPOT_BTC_USDT,98858.33,0.09244,SELL,0
1733928119395,SPOT_BTC_USDT,98855.83,0.02231,SELL,0
1733928119395,SPOT_ETH_USDT,3736.66,0.13,SELL,0
1733928119395,SPOT_ETH_USDT,3736.76,0.9443,SELL,0
1733928119595,SPOT_BTC_USDT,98854.87,0.091964,SELL,0
1733928119595,SPOT_BTC_USDT,98850.3,1e-05,BUY,0
1733928119595,SPOT_BTC_USDT,98854.46,0.01836,SELL,0
1733928119595,SPOT_ETH_USDT,3736.47,0.7138,SELL,0
1733928119595,SPOT_ETH_USDT,3736.66,2.205935,SELL,0
1733928119795,SPOT_ETH_USDT,3736.41,0.9281,SELL,0
1733928119795,SPOT_ETH_USDT,3736.66,0.655039,SELL,0
1733928119795,SPOT_BTC_USDT,98849.09,0.21138,SELL,0
1733928119795,SPOT_BTC_USDT,98847.14,0.00617,SELL,0
1733928119995,SPOT_BTC_USDT,98845.56,0.002945,SELL,0
1733928119995,SPOT_BTC_USDT,98840.41,0.0413,SELL,0
1733928119995,SPOT_ETH_USDT,3736.37,0.1753,BUY,0
1733928120195,SPOT_ETH_USDT,3736.37,0.068,BUY,0
1733928120195,SPOT_ETH_USDT,3736.07,0.0001,SELL,0
1733928120195,SPOT_BTC_USDT,98840.1,0.02731,SELL,0
1733928120195,SPOT_BTC_USDT,98840.0,0.00891,SELL,0
1733928120195,SPOT_BTC_USDT,98840.01,0.00253,BUY,0
1733928120395,SPOT_WOO_USDT,0.2905,860.0,SELL,0
1733928120395,SPOT_BTC_USDT,98841.3,0.00444,SELL,0
1733928120395,SPOT_BTC_USDT,98840.0,0.001,SELL,0
1733928120395,SPOT_ETH_USDT,3736.37,0.3421,BUY,0
1733928120395,SPOT_ETH_USDT,3736.14,0.162944,BUY,0
1733928120595,SPOT_ETH_USDT,3735.7,20.462562,SELL,0
1733928120595,SPOT_ETH_USDT,3736.0,33.2785,SELL,0
1733928120595,SPOT_BTC_USDT,98839.51,0.59005,SELL,0
1733928120595,SPOT_BTC_USDT,98836.06,0.106997,SELL,0
1733928120795,SPOT_BTC_USDT,98829.14,0.07861,SELL,0
1733928120795,SPOT_BTC_USDT,98829.53,0.12526,BUY,0
1733928120795,SPOT_BTC_USDT,98835.5,0.167983,SELL,0
1733928120795,SPOT_ETH_USDT,3735.03,0.0758,BUY,0
1733928120795,SPOT_ETH_USDT,3735.36,0.28,BUY,0
1733928120995,SPOT_WOO_USDT,0.2904,1021.1,SELL,0
1733928120995,SPOT_ETH_USDT,3735.02,0.13,SELL,0
1733928120995,SPOT_BTC_USDT,98828.81,0.030665,BUY,0
1733928120995,SPOT_BTC_USDT,98830.55,0.047424,SELL,0
1733928120995,SPOT_BTC_USDT,98825.54,0.0003,SELL,0
1733928121195,SPOT_BTC_USDT,98825.54,0.00092,SELL,0
1733928121195,SPOT_ETH_USDT,3735.38,5.1701,BUY,0
1733928121395,SPOT_ETH_USDT,3735.71,0.3579,BUY,0
1733928121395,SPOT_ETH_USDT,3735.31,0.605083,BUY,0
1733928121395,SPOT_BTC_USDT,98827.17,0.97911,BUY,0
1733928121395,SPOT_BTC_USDT,98825.54,0.001,SELL,0
1733928121395,SPOT_BTC_USDT,98828.0,0.00276,SELL,0
1733928121595,SPOT_BTC_USDT,98843.38,0.11981,BUY,0
1733928121595,SPOT_BTC_USDT,98838.41,0.065882,BUY,0
1733928121595,SPOT_ETH_USDT,3735.87,0.045,BUY,0
1733928121795,SPOT_ETH_USDT,3735.61,0.0001,SELL,0
1733928121795,SPOT_BTC_USDT,98827.9,0.00042,BUY,0
1733928121795,SPOT_BTC_USDT,98847.96,0.304459,SELL,0
1733928121795,SPOT_BTC_USDT,98842.97,0.004,BUY,0
1733928121995,SPOT_BTC_USDT,98840.1,0.00683,SELL,0
1733928121995,SPOT_ETH_USDT,3735.58,6.0216,SELL,0
1733928121995,SPOT_ETH_USDT,3735.59,0.2676,BUY,0
1733928122195,SPOT_ETH_USDT,3735.21,0.13,SELL,0
1733928122195,SPOT_BTC_USDT,98841.03,0.22475,SELL,0
1733928122395,SPOT_ETH_USDT,3735.41,0.2213,BUY,0
1733928122395,SPOT_BTC_USDT,98829.54,0.010325,SELL,0
1733928122595,SPOT_WOO_USDT,0.2904,860.4,SELL,0
1733928122595,SPOT_ETH_USDT,3735.28,0.0738,SELL,0
1733928122595,SPOT_BTC_USDT,98831.22,0.04948,SELL,0
1733928122795,SPOT_ETH_USDT,3734.97,3.79496,SELL,0
1733928122795,SPOT_ETH_USDT,3734.67,0.1472,BUY,0
1733928122795,SPOT_ETH_USDT,3734.98,8.9684,SELL,0
1733928122795,SPOT_BTC_USDT,98827.31,0.128115,SELL,0
1733928122795,SPOT_BTC_USDT,98827.47,0.00412,BUY,0
1733928122795,SPOT_BTC_USDT,98825.67,0.13941,SELL,0
1733928122995,SPOT_BTC_USDT,98816.01,0.002,BUY,0
1733928122995,SPOT_BTC_USDT,98817.43,0.08675,SELL,0
1733928122995,SPOT_BTC_USDT,98818.83,0.055658,SELL,0
1733928122995,SPOT_BTC_USDT,98816.1,0.00124,BUY,0
1733928122995,SPOT_ETH_USDT,3734.7,0.4,SELL,0
1733928123195,SPOT_WOO_USDT,0.2903,860.8,BUY,0
1733928123195,SPOT_ETH_USDT,3734.64,0.0231,SELL,0
1733928123195,SPOT_BTC_USDT,98816.0,0.00061,SELL,0
1733928123395,SPOT_BTC_USDT,98816.01,0.0001,BUY,0
1733928123395,SPOT_BTC_USDT,98816.0,0.001,SELL,0
1733928123395,SPOT_ETH_USDT,3734.65,0.0094,BUY,0
1733928123395,SPOT_ETH_USDT,3734.64,0.0093,SELL,0
1733928123395,SPOT_ETH_USDT,3734.03,0.009,BUY,0
1733928123595,SPOT_ETH_USDT,3734.65,0.0056,BUY,0
1733928123795,SPOT_BTC_USDT,98816.01,0.10427,BUY,0
1733928123995,SPOT_BTC_USDT,98816.01,0.002,BUY,0
1733928123995,SPOT_ETH_USDT,3734.64,1.3707,SELL,0
1733928124395,SPOT_BTC_USDT,98816.0,0.00034,SELL,0
1733928124395,SPOT_BTC_USDT,98816.01,0.00027,BUY,0
1733928124595,SPOT_BTC_USDT,98815.64,0.000186,BUY,0
1733928124595,SPOT_ETH_USDT,3735.02,0.080241,SELL,0
1733928124595,SPOT_ETH_USDT,3734.71,0.096538,BUY,0
1733928124595,SPOT_ETH_USDT,3734.65,13.7152,BUY,0
1733928124795,SPOT_BTC_USDT,98816.01,0.004,BUY,0
1733928124795,SPOT_ETH_USDT,3735.02,1.17,SELL,0
1733928124995,SPOT_BTC_USDT,98816.01,0.002,BUY,0
1733928124995,SPOT_BTC_USDT,98816.0,0.01166,SELL,0
1733928124995,SPOT_BTC_USDT,98821.3,0.004814,SELL,0
1733928125195,SPOT_BTC_USDT,98816.01,0.00319,BUY,0
1733928125195,SPOT_BTC_USDT,98821.3,0.001506,SELL,0
1733928125195,SPOT_ETH_USDT,3735.0,0.0259,BUY,0
1733928125195,SPOT_ETH_USDT,3734.47,0.4161,BUY,0
1733928125395,SPOT_BTC_USDT,98816.01,7e-05,BUY,0
1733928125595,SPOT_ETH_USDT,3735.02,0.0001,SELL,0
1733928125795,SPOT_BTC_USDT,98816.01,0.00494,BUY,0
1733928125795,SPOT_BTC_USDT,98821.3,0.006476,SELL,0
1733928125795,SPOT_ETH_USDT,3734.71,0.007333,BUY,0
1733928125795,SPOT_ETH_USDT,3735.02,0.047369,SELL,0
1733928125995,SPOT_BTC_USDT,98816.01,0.00296,BUY,0
1733928126195,SPOT_BTC_USDT,98821.05,0.00021,BUY,0
1733928126195,SPOT_BTC_USDT,98816.0,0.00158,SELL,0
1733928126195,SPOT_ETH_USDT,3734.99,0.0037,SELL,0
1733928126395,SPOT_WOO_USDT,0.2903,860.8,SELL,0
1733928126395,SPOT_ETH_USDT,3734.63,0.283306,SELL,0
1733928126395,SPOT_ETH_USDT,3734.74,1.8447,SELL,0
1733928126395,SPOT_BTC_USDT,98814.14,0.65562,SELL,0
1733928126395,SPOT_BTC_USDT,98813.79,0.028671,SELL,0
1733928126395,SPOT_BTC_USDT,98813.43,0.00898,BUY,0
1733928126595,SPOT_BTC_USDT,98810.0,0.003562,SELL,0
1733928126595,SPOT_BTC_USDT,98805.69,0.00933,SELL,0
1733928126595,SPOT_BTC_USDT,98807.02,0.00071,BUY,0
1733928126595,SPOT_ETH_USDT,3734.39,0.1034,SELL,0
1733928126595,SPOT_ETH_USDT,3734.39,0.0534,BUY,0
1733928126595,SPOT_ETH_USDT,3734.13,0.1,SELL,0
1733928126795,SPOT_BTC_USDT,98810.0,0.002719,SELL,0
1733928126795,SPOT_BTC_USDT,98804.94,0.002,BUY,0
1733928126795,SPOT_ETH_USDT,3734.27,0.2928,SELL,0
1733928126995,SPOT_BTC_USDT,98804.94,0.00749,BUY,0
1733928126995,SPOT_BTC_USDT,98804.93,0.00027,SELL,0
1733928126995,SPOT_ETH_USDT,3734.22,0.4181,BUY,0
1733928126995,SPOT_ETH_USDT,3734.14,0.002621,BUY,0
1733928127195,SPOT_BTC_USDT,98804.93,0.00111,SELL,0
1733928127195,SPOT_ETH_USDT,3734.13,0.011,SELL,0
1733928127395,SPOT_BTC_USDT,98804.93,0.00026,SELL,0
1733928127595,SPOT_BTC_USDT,98808.3,0.00426,SELL,0
1733928127595,SPOT_ETH_USDT,3734.21,1.6901,SELL,0
1733928127595,SPOT_ETH_USDT,3734.14,0.003034,BUY,0
1733928127795,SPOT_WOO_USDT,0.2904,1183.7,BUY,0
1733928127795,SPOT_ETH_USDT,3734.29,31.7762,BUY,0
1733928127795,SPOT_ETH_USDT,3734.13,0.13,SELL,0
1733928127795,SPOT_BTC_USDT,98804.93,0.00055,SELL,0
1733928127795,SPOT_BTC_USDT,98804.94,0.002,BUY,0
1733928127795,SPOT_BTC_USDT,98810.1,0.000114,BUY,0
1733928127995,SPOT_BTC_USDT,98805.01,2.97045,BUY,0
1733928127995,SPOT_BTC_USDT,98804.93,0.0003,SELL,0
1733928127995,SPOT_BTC_USDT,98811.15,0.930526,BUY,0
1733928127995,SPOT_ETH_USDT,3734.66,0.108532,SELL,0
1733928127995,SPOT_ETH_USDT,3734.39,12.848404,BUY,0
1733928127995,SPOT_ETH_USDT,3734.59,2.1556,BUY,0
1733928128195,SPOT_BTC_USDT,98814.06,0.00104,BUY,0
1733928128195,SPOT_ETH_USDT,3734.8,0.0302,BUY,0
1733928128395,SPOT_ETH_USDT,3734.79,2.2156,SELL,0
1733928128395,SPOT_ETH_USDT,3734.8,0.2675,BUY,0
1733928128595,SPOT_BTC_USDT,98809.66,0.06195,SELL,0
1733928128595,SPOT_BTC_USDT,98808.64,0.00031,BUY,0
1733928128595,SPOT_ETH_USDT,3734.8,0.6157,BUY,0
1733928128795,SPOT_BTC_USDT,98805.97,0.235674,SELL,0
1733928128795,SPOT_BTC_USDT,98808.93,0.18693,SELL,0
1733928128795,SPOT_BTC_USDT,98805.93,0.50975,BUY,0
1733928128795,SPOT_ETH_USDT,3734.3,1.076349,SELL,0
1733928128795,SPOT_ETH_USDT,3734.51,14.2714,SELL,0
1733928128995,SPOT_BTC_USDT,98804.02,0.00135,SELL,0
1733928128995,SPOT_BTC_USDT,98802.1,0.0009,SELL,0
1733928128995,SPOT_ETH_USDT,3734.04,4.8306,BUY,0
1733928128995,SPOT_ETH_USDT,3733.91,0.800001,SELL,0
1733928129195,SPOT_BTC_USDT,98804.01,0.0004,BUY,0
1733928129195,SPOT_ETH_USDT,3734.03,0.0512,SELL,0
1733928129195,SPOT_ETH_USDT,3734.04,0.184,BUY,0
1733928129195,SPOT_ETH_USDT,3733.92,0.059581,BUY,0
1733928129395,SPOT_BTC_USDT,98804.01,0.00031,BUY,0
1733928129395,SPOT_ETH_USDT,3733.92,0.003626,BUY,0
1733928129595,SPOT_ETH_USDT,3733.91,0.4906,SELL,0
1733928129595,SPOT_ETH_USDT,3734.04,0.0819,BUY,0
1733928129795,SPOT_BTC_USDT,98804.01,0.041,BUY,0
1733928129795,SPOT_BTC_USDT,98805.1,1e-05,BUY,0
1733928129795,SPOT_ETH_USDT,3733.92,0.134445,BUY,0
1733928129795,SPOT_ETH_USDT,3734.1,3.8481,BUY,0
1733928129995,SPOT_BTC_USDT,98804.26,0.37264,BUY,0
1733928129995,SPOT_BTC_USDT,98811.3,0.00686,BUY,0
1733928129995,SPOT_ETH_USDT,3734.47,0.00287,SELL,0
1733928130195,SPOT_BTC_USDT,98804.74,0.0005,BUY,0
1733928130195,SPOT_ETH_USDT,3734.6,0.1507,BUY,0
1733928130395,SPOT_BTC_USDT,98815.6,0.003,SELL,0
1733928130395,SPOT_WOO_USDT,0.2904,890.7,SELL,0
1733928130395,SPOT_ETH_USDT,3734.57,6.6086,SELL,0
1733928130395,SPOT_ETH_USDT,3734.44,0.0002,SELL,0
1733928130595,SPOT_BTC_USDT,98804.74,0.0001,BUY,0
1733928130595,SPOT_BTC_USDT,98812.2,1e-05,BUY,0
1733928130595,SPOT_BTC_USDT,98815.1,1e-05,SELL,0
1733928130595,SPOT_ETH_USDT,3734.36,3.3612,SELL,0
1733928130595,SPOT_ETH_USDT,3733.92,0.009999,BUY,0
1733928130795,SPOT_BTC_USDT,98804.74,0.0022,BUY,0
1733928131195,SPOT_BTC_USDT,98811.3,0.008864,BUY,0
1733928131195,SPOT_BTC_USDT,98811.2,0.002646,SELL,0
1733928131195,SPOT_ETH_USDT,3734.35,0.002,BUY,0
1733928131395,SPOT_BTC_USDT,98814.9,0.003,SELL,0
1733928131395,SPOT_ETH_USDT,3734.33,1.3218,SELL,0
1733928131395,SPOT_ETH_USDT,3733.91,0.0001,SELL,0
1733928131595,SPOT_WOO_USDT,0.2903,860.6,SELL,0
1733928131595,SPOT_ETH_USDT,3733.7,0.07791,BUY,0
1733928131595,SPOT_ETH_USDT,3734.0,7.8658,SELL,0
1733928131795,SPOT_BTC_USDT,98804.73,0.00533,SELL,0
1733928131795,SPOT_BTC_USDT,98804.74,0.00506,BUY,0
1733928131795,SPOT_ETH_USDT,3733.62,1.9082,SELL,0
1733928131795,SPOT_ETH_USDT,3733.31,0.184769,SELL,0
1733928131995,SPOT_BTC_USDT,98804.74,0.0002,BUY,0
1733928131995,SPOT_BTC_USDT,98804.73,0.10692,SELL,0
1733928131995,SPOT_BTC_USDT,98814.9,3.9e-05,SELL,0
1733928131995,SPOT_ETH_USDT,3733.34,2.195,SELL,0
1733928131995,SPOT_ETH_USDT,3733.18,0.42,SELL,0
1733928132195,SPOT_BTC_USDT,98783.79,2.805341,SELL,0
1733928132195,SPOT_BTC_USDT,98803.2,0.07093,SELL,0
1733928132195,SPOT_ETH_USDT,3733.0,9.916,SELL,0
1733928132195,SPOT_ETH_USDT,3733.01,4.864929,SELL,0
1733928132395,SPOT_BTC_USDT,98799.37,0.06872,SELL,0
1733928132395,SPOT_BTC_USDT,98802.5,0.003,SELL,0
1733928132395,SPOT_BTC_USDT,98802.6,1e-05,BUY,0
1733928132395,SPOT_ETH_USDT,3732.54,0.4189,BUY,0
1733928132395,SPOT_ETH_USDT,3732.61,0.0001,SELL,0
1733928132595,SPOT_ETH_USDT,3732.54,0.56,BUY,0
1733928132595,SPOT_ETH_USDT,3732.62,0.005,BUY,0
1733928132595,SPOT_BTC_USDT,98775.84,0.44708,SELL,0
1733928132595,SPOT_BTC_USDT,98795.24,0.02376,SELL,0
1733928132795,SPOT_BTC_USDT,98794.57,0.00122,BUY,0
1733928132795,SPOT_BTC_USDT,98802.5,0.00188,SELL,0
1733928132795,SPOT_ETH_USDT,3732.53,0.002,SELL,0
1733928132795,SPOT_ETH_USDT,3732.54,0.9953,BUY,0
1733928132795,SPOT_ETH_USDT,3732.31,0.040153,BUY,0
1733928132795,SPOT_ETH_USDT,3732.44,0.1415,SELL,0
1733928132995,SPOT_BTC_USDT,98794.56,0.02124,SELL,0
1733928132995,SPOT_BTC_USDT,98802.5,0.00566,SELL,0
1733928132995,SPOT_ETH_USDT,3732.47,4.2787,SELL,0
1733928132995,SPOT_ETH_USDT,3731.92,0.0614,BUY,0
1733928133195,SPOT_BTC_USDT,98792.7,0.37303,SELL,0
1733928133195,SPOT_BTC_USDT,98792.24,0.00224,BUY,0
1733928133195,SPOT_BTC_USDT,98801.4,0.032397,BUY,0
1733928133195,SPOT_ETH_USDT,3732.15,6.7262,SELL,0
1733928133195,SPOT_ETH_USDT,3732.17,0.9413,BUY,0
1733928133195,SPOT_ETH_USDT,3732.03,0.179044,SELL,0
1733928133195,SPOT_ETH_USDT,3732.01,0.0035,BUY,0
1733928133395,SPOT_BTC_USDT,98789.47,0.05551,SELL,0
1733928133395,SPOT_BTC_USDT,98793.32,0.087374,SELL,0
1733928133395,SPOT_BTC_USDT,98791.9,1e-05,BUY,0
1733928133395,SPOT_ETH_USDT,3731.76,7.247999,SELL,0
1733928133595,SPOT_BTC_USDT,98787.3,0.00052,SELL,0
1733928133595,SPOT_ETH_USDT,3731.8,0.027,SELL,0
1733928133595,SPOT_ETH_USDT,3731.6,2.260002,SELL,0
1733928133795,SPOT_BTC_USDT,98787.3,0.0609,SELL,0
1733928133795,SPOT_BTC_USDT,98787.22,0.00171,SELL,0
1733928133795,SPOT_WOO_USDT,0.2902,2586.7,SELL,0
1733928133795,SPOT_ETH_USDT,3731.45,0.164276,SELL,0
1733928133795,SPOT_ETH_USDT,3731.42,0.054453,BUY,0
1733928133795,SPOT_ETH_USDT,3731.8,6.2434,SELL,0
1733928133995,SPOT_BTC_USDT,98786.38,0.10871,SELL,0
1733928133995,SPOT_BTC_USDT,98789.3,0.025936,SELL,0
1733928133995,SPOT_WOO_USDT,0.29006,1000.0,SELL,0
1733928133995,SPOT_ETH_USDT,3731.67,0.1095,SELL,0
1733928133995,SPOT_ETH_USDT,3731.42,0.003215,BUY,0
1733928134195,SPOT_ETH_USDT,3731.16,8.8259,SELL,0
1733928134195,SPOT_ETH_USDT,3731.34,0.1769,BUY,0
1733928134195,SPOT_ETH_USDT,3731.3,1.476586,SELL,0
1733928134195,SPOT_BTC_USDT,98781.96,0.102988,SELL,0
1733928134195,SPOT_BTC_USDT,98784.6,0.020245,BUY,0
1733928134195,SPOT_BTC_USDT,98779.79,0.79849,SELL,0
1733928134395,SPOT_BTC_USDT,98752.23,0.01888,BUY,0
1733928134395,SPOT_BTC_USDT,98759.87,0.63512,SELL,0
1733928134395,SPOT_BTC_USDT,98767.3,1e-05,BUY,0
1733928134395,SPOT_ETH_USDT,3730.64,2.371122,SELL,0
1733928134395,SPOT_ETH_USDT,3730.87,0.2106,BUY,0
1733928134395,SPOT_ETH_USDT,3730.86,6.0,SELL,0
1733928134595,SPOT_BTC_USDT,98765.16,0.041152,SELL,0
1733928134595,SPOT_BTC_USDT,98752.0,0.01908,SELL,0
1733928134595,SPOT_ETH_USDT,3730.58,0.041597,SELL,0
1733928134595,SPOT_ETH_USDT,3730.87,0.1683,BUY,0
1733928134795,SPOT_BTC_USDT,98759.61,0.377624,SELL,0
1733928134795,SPOT_BTC_USDT,98752.0,0.00089,SELL,0
1733928134795,SPOT_ETH_USDT,3730.87,0.1977,BUY,0
1733928134795,SPOT_ETH_USDT,3730.43,1.439999,SELL,0
1733928134995,SPOT_BTC_USDT,98760.89,0.00282,SELL,0
1733928134995,SPOT_BTC_USDT,98752.01,0.00083,BUY,0
1733928134995,SPOT_BTC_USDT,98752.0,0.00059,SELL,0
1733928134995,SPOT_ETH_USDT,3730.87,0.7551,BUY,0
1733928134995,SPOT_ETH_USDT,3730.86,0.3912,SELL,0
1733928134995,SPOT_ETH_USDT,3730.4,0.03,SELL,0
1733928135195,SPOT_BTC_USDT,98755.7,1e-05,BUY,0
1733928135195,SPOT_BTC_USDT,98752.0,0.00027,SELL,0
1733928135195,SPOT_ETH_USDT,3730.86,0.1175,SELL,0
1733928135195,SPOT_ETH_USDT,3730.87,4.5653,BUY,0
1733928135195,SPOT_ETH_USDT,3730.4,0.11958,SELL,0
1733928135395,SPOT_BTC_USDT,98761.88,0.00817,SELL,0
1733928135395,SPOT_BTC_USDT,98755.21,0.40894,BUY,0
1733928135395,SPOT_BTC_USDT,98750.13,0.006306,BUY,0
1733928135395,SPOT_ETH_USDT,3730.96,5.1942,SELL,0
1733928135395,SPOT_ETH_USDT,3730.89,5.1332,BUY,0
1733928135395,SPOT_ETH_USDT,3730.88,1.238259,BUY,0
1733928135595,SPOT_BTC_USDT,98761.88,0.0965,SELL,0
1733928135595,SPOT_BTC_USDT,98770.2,0.001203,BUY,0
1733928135595,SPOT_ETH_USDT,3731.03,4.7866,BUY,0
1733928135595,SPOT_ETH_USDT,3730.9,0.134015,BUY,0
1733928135795,SPOT_BTC_USDT,98775.3,0.011108,SELL,0
1733928135795,SPOT_BTC_USDT,98772.24,0.28783,BUY,0
1733928135795,SPOT_ETH_USDT,3731.26,4.0506,BUY,0
1733928135795,SPOT_ETH_USDT,3731.25,0.0246,SELL,0
1733928135795,SPOT_ETH_USDT,3731.22,0.0001,SELL,0
1733928135995,SPOT_BTC_USDT,98763.86,0.004856,SELL,0
1733928135995,SPOT_BTC_USDT,98783.06,0.02795,BUY,0
1733928135995,SPOT_BTC_USDT,98779.99,0.0066,SELL,0
1733928135995,SPOT_ETH_USDT,3731.54,0.045,SELL,0
1733928136195,SPOT_BTC_USDT,98780.0,0.00018,BUY,0
1733928136195,SPOT_BTC_USDT,98779.99,0.00557,SELL,0
1733928136195,SPOT_ETH_USDT,3731.49,0.026,SELL,0
1733928136195,SPOT_ETH_USDT,3731.46,1.8334,BUY,0
1733928136395,SPOT_BTC_USDT,98779.99,0.00056,SELL,0
1733928136395,SPOT_ETH_USDT,3731.5,4.276,BUY,0
1733928136595,SPOT_BTC_USDT,98782.2,0.29226,SELL,0
1733928136595,SPOT_BTC_USDT,98784.56,0.20972,BUY,0
1733928136595,SPOT_ETH_USDT,3731.55,4.6821,BUY,0
1733928136595,SPOT_ETH_USDT,3731.55,0.143992,BUY,0
1733928136795,SPOT_BTC_USDT,98782.98,0.002993,BUY,0
1733928136795,SPOT_BTC_USDT,98786.44,0.0003,SELL,0
1733928136795,SPOT_ETH_USDT,3731.6,3.53,BUY,0
1733928136795,SPOT_ETH_USDT,3731.59,0.195,SELL,0
1733928136995,SPOT_BTC_USDT,98786.44,0.00102,SELL,0
1733928136995,SPOT_BTC_USDT,98786.45,0.0088,BUY,0
1733928136995,SPOT_ETH_USDT,3731.78,0.014691,SELL,0
1733928136995,SPOT_ETH_USDT,3731.6,0.0161,BUY,0
1733928137195,SPOT_BTC_USDT,98769.19,0.02852,BUY,0
1733928137195,SPOT_BTC_USDT,98792.3,0.005462,SELL,0
1733928137195,SPOT_BTC_USDT,98786.45,0.00061,BUY,0
1733928137195,SPOT_ETH_USDT,3731.6,0.1294,BUY,0
1733928137195,SPOT_ETH_USDT,3731.54,0.0032,SELL,0
1733928137395,SPOT_WOO_USDT,0.29,861.7,SELL,0
1733928137395,SPOT_ETH_USDT,3731.09,0.2387,BUY,0
1733928137395,SPOT_ETH_USDT,3731.18,3.6857,SELL,0
1733928137395,SPOT_ETH_USDT,3731.16,1.583514,SELL,0
1733928137395,SPOT_BTC_USDT,98791.65,0.84086,SELL,0
1733928137395,SPOT_BTC_USDT,98795.95,0.011244,SELL,0
1733928137395,SPOT_BTC_USDT,98796.17,0.031238,BUY,0
1733928137595,SPOT_BTC_USDT,98776.94,0.01761,SELL,0
1733928137595,SPOT_BTC_USDT,98783.9,0.241994,BUY,0
1733928137595,SPOT_ETH_USDT,3730.62,0.1352,SELL,0
1733928137595,SPOT_ETH_USDT,3730.62,1.533992,BUY,0
1733928137595,SPOT_ETH_USDT,3731.09,0.2708,BUY,0
1733928137795,SPOT_BTC_USDT,98767.38,0.003194,SELL,0
1733928137795,SPOT_BTC_USDT,98770.54,0.05954,SELL,0
1733928137795,SPOT_BTC_USDT,98771.65,0.012,BUY,0
1733928137795,SPOT_WOO_USDT,0.2898,121.4,SELL,0
1733928137795,SPOT_WOO_USDT,0.2899,4445.4,SELL,0
1733928137795,SPOT_ETH_USDT,3731.03,7.1162,SELL,0
1733928137795,SPOT_ETH_USDT,3731.09,0.0601,BUY,0
1733928137795,SPOT_ETH_USDT,3730.61,2.142552,SELL,0
1733928137995,SPOT_BTC_USDT,98762.68,0.040217,SELL,0
1733928137995,SPOT_BTC_USDT,98759.57,0.05485,SELL,0
1733928137995,SPOT_ETH_USDT,3730.22,0.134638,SELL,0
1733928137995,SPOT_ETH_USDT,3730.22,1.98912,BUY,0
1733928137995,SPOT_ETH_USDT,3730.62,4.6413,BUY,0
1733928137995,SPOT_ETH_USDT,3730.61,0.0195,SELL,0
1733928138195,SPOT_BTC_USDT,98763.4,0.01655,BUY,0
1733928138195,SPOT_BTC_USDT,98757.14,0.00398,SELL,0
1733928138195,SPOT_BTC_USDT,98757.15,7e-05,BUY,0
1733928138195,SPOT_ETH_USDT,3730.61,0.25,SELL,0
1733928138395,SPOT_BTC_USDT,98757.2,1e-05,BUY,0
1733928138395,SPOT_BTC_USDT,98757.14,0.05568,SELL,0
1733928138595,SPOT_BTC_USDT,98759.74,0.247253,BUY,0
1733928138595,SPOT_BTC_USDT,98757.1,0.002638,SELL,0
1733928138595,SPOT_BTC_USDT,98757.15,0.005,BUY,0
1733928138795,SPOT_BTC_USDT,98757.14,0.01895,SELL,0
1733928138795,SPOT_BTC_USDT,98757.15,0.00014,BUY,0
1733928138795,SPOT_ETH_USDT,3730.46,0.0043,BUY,0
1733928138795,SPOT_ETH_USDT,3730.57,0.0001,SELL,0
1733928138795,SPOT_ETH_USDT,3730.62,0.0366,BUY,0
1733928138995,SPOT_ETH_USDT,3730.62,5.8041,BUY,0
1733928138995,SPOT_ETH_USDT,3730.61,0.0611,SELL,0
1733928138995,SPOT_BTC_USDT,98756.81,0.04608,SELL,0
1733928139195,SPOT_BTC_USDT,98756.52,2.08939,BUY,0
1733928139195,SPOT_BTC_USDT,98756.51,0.00243,SELL,0
1733928139195,SPOT_BTC_USDT,98760.6,1e-05,BUY,0
1733928139195,SPOT_WOO_USDT,0.29,861.9,BUY,0
1733928139195,SPOT_ETH_USDT,3731.17,7.6313,BUY,0
1733928139195,SPOT_ETH_USDT,3731.06,0.0019,SELL,0
1733928139195,SPOT_ETH_USDT,3730.95,0.0001,SELL,0
1733928139395,SPOT_ETH_USDT,3731.77,6.0187,BUY,0
1733928139395,SPOT_ETH_USDT,3731.48,4.05639,BUY,0
1733928139395,SPOT_ETH_USDT,3731.59,0.803006,SELL,0
1733928139395,SPOT_BTC_USDT,98766.75,0.0474,BUY,0
1733928139395,SPOT_BTC_USDT,98761.87,2.00039,SELL,0
1733928139395,SPOT_BTC_USDT,98759.74,0.117994,BUY,0
1733928139595,SPOT_BTC_USDT,98777.8,0.05339,BUY,0
1733928139595,SPOT_BTC_USDT,98776.61,0.00066,SELL,0
1733928139595,SPOT_ETH_USDT,3732.12,11.1205,BUY,0
1733928139595,SPOT_ETH_USDT,3732.07,0.1119,SELL,0
1733928139595,SPOT_ETH_USDT,3732.12,0.080304,SELL,0
1733928139795,SPOT_BTC_USDT,98785.38,0.04521,BUY,0
1733928139795,SPOT_ETH_USDT,3732.36,1.018,BUY,0
1733928139795,SPOT_ETH_USDT,3732.47,0.014,SELL,0
1733928139795,SPOT_ETH_USDT,3732.36,0.4644,BUY,0
1733928139995,SPOT_BTC_USDT,98791.99,0.00712,SELL,0
1733928139995,SPOT_BTC_USDT,98798.9,0.01828,BUY,0
1733928139995,SPOT_ETH_USDT,3732.51,0.4007,BUY,0
1733928140195,SPOT_BTC_USDT,98803.4,0.005775,SELL,0
1733928140395,SPOT_BTC_USDT,98797.0,1e-05,BUY,0
1733928140395,SPOT_BTC_USDT,98800.04,0.039999,SELL,0
1733928140395,SPOT_BTC_USDT,98792.0,0.00027,BUY,0
1733928140395,SPOT_ETH_USDT,3732.6,0.0811,BUY,0
1733928140595,SPOT_WOO_USDT,0.29009,35.1,SELL,0
1733928140595,SPOT_BTC_USDT,98789.94,0.00276,BUY,0
1733928140595,SPOT_BTC_USDT,98791.86,0.95589,SELL,0
1733928140595,SPOT_BTC_USDT,98796.75,0.00131,SELL,0
1733928140595,SPOT_ETH_USDT,3732.39,0.06325,SELL,0
1733928140595,SPOT_ETH_USDT,3732.54,0.9542,SELL,0
1733928140595,SPOT_ETH_USDT,3732.6,0.0036,BUY,0
1733928140795,SPOT_BTC_USDT,98784.51,0.05266,SELL,0
1733928140795,SPOT_BTC_USDT,98784.52,0.00494,BUY,0
1733928140795,SPOT_BTC_USDT,98786.32,0.05467,BUY,0
1733928140795,SPOT_ETH_USDT,3732.33,11.77,BUY,0
1733928140795,SPOT_ETH_USDT,3731.99,0.13,SELL,0
1733928140995,SPOT_BTC_USDT,98784.52,0.00101,BUY,0
1733928140995,SPOT_BTC_USDT,98784.51,0.00536,SELL,0
1733928140995,SPOT_BTC_USDT,98775.1,4e-05,BUY,0
1733928140995,SPOT_ETH_USDT,3732.33,0.0813,BUY,0
1733928141195,SPOT_BTC_USDT,98784.51,0.00255,SELL,0
1733928141195,SPOT_BTC_USDT,98790.3,1e-05,BUY,0
1733928141195,SPOT_ETH_USDT,3732.55,7.6484,BUY,0
1733928141395,SPOT_BTC_USDT,98793.81,0.003587,BUY,0
1733928141395,SPOT_BTC_USDT,98784.51,0.00028,SELL,0
1733928141395,SPOT_ETH_USDT,3732.76,4.699,BUY,0
1733928141395,SPOT_ETH_USDT,3732.7,0.0033,SELL,0
1733928141395,SPOT_ETH_USDT,3732.56,0.148956,BUY,0
1733928141595,SPOT_BTC_USDT,98784.52,0.00028,BUY,0
1733928141595,SPOT_BTC_USDT,98775.0,0.00426,SELL,0
1733928141595,SPOT_ETH_USDT,3732.9,4.8227,BUY,0
1733928141595,SPOT_ETH_USDT,3732.98,0.0001,SELL,0
1733928141595,SPOT_ETH_USDT,3732.79,0.858006,BUY,0
1733928141795,SPOT_BTC_USDT,98798.6,1.5e-05,BUY,0
1733928141795,SPOT_BTC_USDT,98784.52,0.002,BUY,0
1733928141795,SPOT_ETH_USDT,3733.16,1.627,SELL,0
1733928141795,SPOT_ETH_USDT,3732.99,1.7477,BUY,0
1733928141795,SPOT_ETH_USDT,3732.99,0.13394,BUY,0
1733928141995,SPOT_BTC_USDT,98784.51,0.00362,SELL,0
1733928141995,SPOT_BTC_USDT,98800.2,0.00774,BUY,0
1733928142195,SPOT_BTC_USDT,98792.77,3.56631,SELL,0
1733928142195,SPOT_BTC_USDT,98800.5,0.000404,BUY,0
1733928142195,SPOT_BTC_USDT,98784.51,0.30118,SELL,0
1733928142195,SPOT_ETH_USDT,3732.56,0.9702,SELL,0
1733928142195,SPOT_ETH_USDT,3732.9,1.48303,BUY,0
1733928142395,SPOT_BTC_USDT,98780.5,0.000832,SELL,0
1733928142395,SPOT_BTC_USDT,98784.07,0.00073,SELL,0
1733928142395,SPOT_ETH_USDT,3732.62,0.0043,BUY,0
1733928142595,SPOT_BTC_USDT,98784.08,0.00543,BUY,0
1733928142795,SPOT_BTC_USDT,98784.08,0.002,BUY,0
1733928142795,SPOT_BTC_USDT,98784.07,0.00013,SELL,0
1733928142795,SPOT_ETH_USDT,3732.5,0.0163,SELL,0
1733928142795,SPOT_ETH_USDT,3732.6,0.1241,SELL,0
1733928142995,SPOT_BTC_USDT,98777.77,0.00294,SELL,0
1733928142995,SPOT_BTC_USDT,98784.07,0.00167,SELL,0
1733928142995,SPOT_ETH_USDT,3732.42,0.6874,SELL,0
1733928142995,SPOT_ETH_USDT,3732.15,0.13015,SELL,0
1733928143195,SPOT_BTC_USDT,98776.5,0.04203,SELL,0
1733928143195,SPOT_BTC_USDT,98783.88,0.31152,SELL,0
1733928143195,SPOT_ETH_USDT,3732.24,10.0101,SELL,0
1733928143195,SPOT_ETH_USDT,3732.19,0.2826,BUY,0
1733928143195,SPOT_ETH_USDT,3731.85,0.0017,BUY,0
1733928143395,SPOT_ETH_USDT,3731.41,0.08,SELL,0
1733928143395,SPOT_ETH_USDT,3731.78,0.0252,SELL,0
1733928143395,SPOT_BTC_USDT,98772.24,0.19145,SELL,0
1733928143395,SPOT_BTC_USDT,98774.0,1e-05,BUY,0
1733928143395,SPOT_BTC_USDT,98774.63,0.00249,SELL,0
1733928143395,SPOT_BTC_USDT,98774.64,0.0011,BUY,0
1733928143595,SPOT_BTC_USDT,98770.96,0.17844,SELL,0
1733928143595,SPOT_ETH_USDT,3731.75,0.0108,SELL,0
1733928143595,SPOT_ETH_USDT,3731.42,0.217959,BUY,0
1733928143595,SPOT_ETH_USDT,3731.41,0.1,SELL,0
1733928143795,SPOT_BTC_USDT,98767.76,0.002,BUY,0
1733928143795,SPOT_BTC_USDT,98767.75,0.00082,SELL,0
1733928143995,SPOT_BTC_USDT,98767.75,0.05835,SELL,0
1733928143995,SPOT_ETH_USDT,3731.62,0.145,BUY,0
1733928143995,SPOT_ETH_USDT,3731.73,0.7547,SELL,0
1733928144195,SPOT_BTC_USDT,98764.02,0.35203,SELL,0
1733928144195,SPOT_BTC_USDT,98769.36,0.0144,SELL,0
1733928144195,SPOT_ETH_USDT,3731.42,0.030194,SELL,0
1733928144395,SPOT_BTC_USDT,98763.46,0.0022,SELL,0
1733928144395,SPOT_BTC_USDT,98763.47,9e-05,BUY,0
1733928144395,SPOT_BTC_USDT,98763.5,1e-05,BUY,0
1733928144395,SPOT_BTC_USDT,98768.14,0.008278,SELL,0
1733928144395,SPOT_ETH_USDT,3731.23,0.331626,BUY,0
1733928144595,SPOT_ETH_USDT,3731.6,0.01,SELL,0
1733928144595,SPOT_BTC_USDT,98763.46,0.00026,SELL,0
1733928144595,SPOT_BTC_USDT,98773.23,0.990064,BUY,0
1733928144795,SPOT_ETH_USDT,3731.63,0.12,SELL,0
1733928144795,SPOT_ETH_USDT,3731.6,0.4996,SELL,0
1733928144795,SPOT_ETH_USDT,3731.61,1.3811,BUY,0
1733928144795,SPOT_BTC_USDT,98763.72,0.36625,BUY,0
1733928144795,SPOT_BTC_USDT,98767.75,0.00027,SELL,0
1733928144995,SPOT_BTC_USDT,98768.78,0.03393,BUY,0
1733928144995,SPOT_BTC_USDT,98767.75,0.00025,SELL,0
1733928144995,SPOT_BTC_USDT,98782.2,0.0303,SELL,0
1733928145195,SPOT_BTC_USDT,98777.0,0.0236,BUY,0
1733928145195,SPOT_BTC_USDT,98786.46,0.026344,BUY,0
1733928145395,SPOT_ETH_USDT,3731.61,0.0458,BUY,0
1733928145595,SPOT_ETH_USDT,3731.6,0.59,SELL,0
1733928145595,SPOT_BTC_USDT,98778.81,0.0001,BUY,0
1733928145795,SPOT_BTC_USDT,98778.8,0.0003,SELL,0
1733928145995,SPOT_ETH_USDT,3731.61,0.0056,BUY,0
1733928145995,SPOT_BTC_USDT,98789.1,0.002528,BUY,0
1733928145995,SPOT_BTC_USDT,98778.81,0.00025,BUY,0
1733928146195,SPOT_ETH_USDT,3731.63,0.0023,SELL,0
1733928146195,SPOT_BTC_USDT,98778.8,0.0086,SELL,0
1733928146395,SPOT_ETH_USDT,3731.41,0.13,SELL,0
1733928146395,SPOT_ETH_USDT,3731.6,0.0014,SELL,0
1733928146395,SPOT_BTC_USDT,98767.65,0.006341,SELL,0
1733928146395,SPOT_BTC_USDT,98778.8,0.03024,SELL,0
1733928146595,SPOT_BTC_USDT,98778.81,0.00018,BUY,0
1733928146595,SPOT_BTC_USDT,98782.8,1e-05,BUY,0
1733928146595,SPOT_BTC_USDT,98788.96,0.348133,SELL,0
1733928146795,SPOT_ETH_USDT,3731.61,0.0058,BUY,0
1733928146795,SPOT_ETH_USDT,3731.6,0.4996,SELL,0
1733928146795,SPOT_BTC_USDT,98778.8,0.02217,SELL,0
1733928146795,SPOT_BTC_USDT,98778.81,0.00238,BUY,0
1733928147195,SPOT_BTC_USDT,98778.8,0.00028,SELL,0
1733928147195,SPOT_BTC_USDT,98778.81,0.00016,BUY,0
1733928147195,SPOT_ETH_USDT,3731.61,0.0032,BUY,0
1733928147395,SPOT_ETH_USDT,3731.42,0.133997,BUY,0
1733928147395,SPOT_ETH_USDT,3731.61,0.0268,BUY,0
1733928147395,SPOT_BTC_USDT,98778.8,0.00057,SELL,0
1733928147595,SPOT_BTC_USDT,98769.42,0.004468,SELL,0
1733928147595,SPOT_BTC_USDT,98782.8,0.000328,BUY,0
1733928147595,SPOT_ETH_USDT,3731.61,0.5,BUY,0
1733928147795,SPOT_ETH_USDT,3731.21,0.1332,BUY,0
1733928147795,SPOT_ETH_USDT,3731.37,0.01999,SELL,0
1733928147795,SPOT_ETH_USDT,3731.44,2.7086,SELL,0
1733928147795,SPOT_BTC_USDT,98777.99,0.36156,SELL,0
1733928147795,SPOT_BTC_USDT,98780.16,0.033444,SELL,0
1733928147795,SPOT_BTC_USDT,98780.1,1e-05,BUY,0
1733928147995,SPOT_ETH_USDT,3730.96,0.13,SELL,0
1733928147995,SPOT_BTC_USDT,98777.9,0.295837,SELL,0
1733928148195,SPOT_ETH_USDT,3731.22,0.4084,SELL,0
1733928148195,SPOT_BTC_USDT,98762.99,0.03088,BUY,0
1733928148195,SPOT_BTC_USDT,98767.17,0.016175,SELL,0
1733928148395,SPOT_ETH_USDT,3731.14,0.3,SELL,0
1733928148595,SPOT_BTC_USDT,98764.42,0.74648,BUY,0
1733928148795,SPOT_BTC_USDT,98762.98,0.00028,SELL,0
1733928148795,SPOT_BTC_USDT,98762.99,0.00253,BUY,0
1733928148995,SPOT_ETH_USDT,3731.15,0.0863,BUY,0
1733928148995,SPOT_BTC_USDT,98762.98,0.00613,SELL,0
1733928148995,SPOT_BTC_USDT,98767.9,0.006697,SELL,0
1733928149195,SPOT_BTC_USDT,98768.0,0.000454,BUY,0
1733928149195,SPOT_ETH_USDT,3731.15,0.0092,BUY,0
1733928149395,SPOT_BTC_USDT,98764.34,0.061372,SELL,0
1733928149395,SPOT_BTC_USDT,98762.98,0.006,SELL,0
1733928149595,SPOT_BTC_USDT,98755.93,0.013835,SELL,0
1733928149595,SPOT_BTC_USDT,98768.0,0.000552,BUY,0
1733928149595,SPOT_BTC_USDT,98761.62,0.00554,SELL,0
1733928149595,SPOT_BTC_USDT,98760.7,6e-05,BUY,0
1733928149595,SPOT_ETH_USDT,3731.14,0.045,SELL,0
1733928149595,SPOT_ETH_USDT,3730.95,0.070297,SELL,0
1733928149595,SPOT_ETH_USDT,3730.82,0.03274,BUY,0
1733928149795,SPOT_BTC_USDT,98752.66,6e-05,BUY,0
1733928149795,SPOT_BTC_USDT,98754.43,0.15648,SELL,0
1733928149795,SPOT_BTC_USDT,98760.62,0.061868,SELL,0
1733928149795,SPOT_BTC_USDT,98759.4,0.089571,BUY,0
1733928149795,SPOT_ETH_USDT,3730.76,15.0606,SELL,0
1733928149795,SPOT_ETH_USDT,3731.04,0.0342,BUY,0
1733928149795,SPOT_ETH_USDT,3730.94,5.911901,SELL,0
1733928149995,SPOT_BTC_USDT,98748.95,0.140924,SELL,0
1733928149995,SPOT_BTC_USDT,98751.1,0.03797,SELL,0
1733928149995,SPOT_BTC_USDT,98750.01,0.00033,BUY,0
1733928149995,SPOT_ETH_USDT,3730.09,0.005,BUY,0
1733928149995,SPOT_ETH_USDT,3730.12,0.131013,SELL,0
1733928149995,SPOT_ETH_USDT,3730.52,0.3211,SELL,0
1733928150195,SPOT_BTC_USDT,98750.01,0.00088,BUY,0
1733928150195,SPOT_BTC_USDT,98750.0,0.03342,SELL,0
1733928150195,SPOT_BTC_USDT,98739.8,0.0002,BUY,0
1733928150195,SPOT_ETH_USDT,3730.41,0.045,SELL,0
1733928150195,SPOT_ETH_USDT,3730.42,0.0476,BUY,0
1733928150395,SPOT_BTC_USDT,98750.0,0.00929,SELL,0
1733928150395,SPOT_ETH_USDT,3730.02,0.1301,SELL,0
1733928150395,SPOT_ETH_USDT,3730.33,0.1067,SELL,0
1733928150395,SPOT_ETH_USDT,3730.32,0.781,BUY,0
1733928150595,SPOT_WOO_USDT,0.28963,3095.25,SELL,0
1733928150595,SPOT_WOO_USDT,0.28969,11246.9,SELL,0
1733928150595,SPOT_BTC_USDT,98750.01,0.02011,BUY,0
1733928150595,SPOT_BTC_USDT,98750.0,0.20108,SELL,0
1733928150595,SPOT_BTC_USDT,98743.6,0.000529,BUY,0
1733928150795,SPOT_WOO_USDT,0.2897,2351.4,BUY,0
1733928150795,SPOT_ETH_USDT,3730.01,0.0001,SELL,0
1733928150795,SPOT_ETH_USDT,3730.02,3.394429,BUY,0
1733928150795,SPOT_ETH_USDT,3730.32,9.3659,BUY,0
1733928150795,SPOT_BTC_USDT,98750.0,0.82719,SELL,0
1733928150995,SPOT_BTC_USDT,98748.97,0.00526,SELL,0
1733928150995,SPOT_BTC_USDT,98743.5,0.005149,SELL,0
1733928150995,SPOT_ETH_USDT,3730.32,0.0101,BUY,0
1733928151195,SPOT_BTC_USDT,98743.6,0.000303,BUY,0
1733928151195,SPOT_BTC_USDT,98748.01,0.00161,BUY,0
1733928151195,SPOT_ETH_USDT,3730.31,2.8,SELL,0
1733928151595,SPOT_BTC_USDT,98748.0,0.00069,SELL,0
1733928151795,SPOT_BTC_USDT,98748.0,0.00082,SELL,0
1733928151795,SPOT_BTC_USDT,98743.6,0.008699,BUY,0
1733928151795,SPOT_ETH_USDT,3730.32,0.0038,BUY,0
1733928151995,SPOT_BTC_USDT,98748.0,0.01809,SELL,0
1733928151995,SPOT_ETH_USDT,3729.73,1.0,SELL,0
1733928152195,SPOT_WOO_USDT,0.2898,892.8,BUY,0
1733928152195,SPOT_BTC_USDT,98748.2,0.04906,BUY,0
1733928152195,SPOT_BTC_USDT,98741.55,0.010957,BUY,0
1733928152195,SPOT_ETH_USDT,3730.36,16.8502,BUY,0
1733928152195,SPOT_ETH_USDT,3730.34,1.166884,BUY,0
1733928152195,SPOT_ETH_USDT,3730.18,0.0001,SELL,0
1733928152395,SPOT_BTC_USDT,98760.9,0.0093,SELL,0
1733928152395,SPOT_BTC_USDT,98756.49,0.280891,BUY,0
1733928152395,SPOT_BTC_USDT,98754.27,0.02576,BUY,0
1733928152395,SPOT_BTC_USDT,98755.15,0.00203,SELL,0
1733928152395,SPOT_ETH_USDT,3730.64,1.5518,BUY,0
1733928152595,SPOT_BTC_USDT,98760.9,0.010139,SELL,0
1733928152595,SPOT_BTC_USDT,98755.42,0.00028,SELL,0
1733928152595,SPOT_ETH_USDT,3730.7,0.0017,BUY,0
1733928152795,SPOT_BTC_USDT,98745.97,0.00018,BUY,0
1733928152795,SPOT_ETH_USDT,3730.81,4.311833,SELL,0
1733928152795,SPOT_ETH_USDT,3730.7,2.4734,BUY,0
1733928152995,SPOT_ETH_USDT,3730.69,0.7487,SELL,0
1733928152995,SPOT_ETH_USDT,3730.7,0.0389,BUY,0
1733928153195,SPOT_BTC_USDT,98758.9,0.004022,BUY,0
1733928153195,SPOT_ETH_USDT,3730.7,0.0439,BUY,0
1733928153395,SPOT_BTC_USDT,98758.76,0.031793,BUY,0
1733928153395,SPOT_BTC_USDT,98755.42,0.00085,SELL,0
1733928153395,SPOT_ETH_USDT,3730.7,0.2159,BUY,0
1733928153395,SPOT_ETH_USDT,3730.69,0.1454,SELL,0
1733928153595,SPOT_BTC_USDT,98745.0,0.00469,SELL,0
1733928153595,SPOT_BTC_USDT,98755.76,0.00541,BUY,0
1733928153995,SPOT_BTC_USDT,98755.99,0.00012,BUY,0
1733928153995,SPOT_ETH_USDT,3730.7,0.0026,BUY,0
1733928154395,SPOT_BTC_USDT,98755.5,1e-05,BUY,0
1733928154595,SPOT_ETH_USDT,3730.69,0.007,SELL,0
1733928154795,SPOT_ETH_USDT,3730.7,0.1594,BUY,0
1733928154995,SPOT_BTC_USDT,98758.8,0.011295,SELL,0
1733928154995,SPOT_BTC_USDT,98755.98,0.00088,SELL,0
1733928155195,SPOT_BTC_USDT,98745.1,0.00034,BUY,0
1733928155195,SPOT_BTC_USDT,98755.98,0.01267,SELL,0
1733928155395,SPOT_BTC_USDT,98755.99,0.43253,BUY,0
1733928155395,SPOT_BTC_USDT,98755.98,0.00051,SELL,0
1733928155595,SPOT_BTC_USDT,98758.8,0.001659,SELL,0
1733928155595,SPOT_BTC_USDT,98755.99,0.0001,BUY,0
1733928155595,SPOT_ETH_USDT,3730.7,0.4541,BUY,0
1733928155595,SPOT_ETH_USDT,3730.82,0.0001,SELL,0
1733928155595,SPOT_ETH_USDT,3730.83,0.106757,BUY,0
1733928155795,SPOT_BTC_USDT,98755.98,0.0003,SELL,0
1733928155795,SPOT_ETH_USDT,3730.7,0.05,BUY,0
1733928155995,SPOT_BTC_USDT,98755.98,0.00013,SELL,0
1733928156195,SPOT_BTC_USDT,98755.98,0.00049,SELL,0
1733928156395,SPOT_BTC_USDT,98755.5,4.5e-05,BUY,0
1733928156395,SPOT_BTC_USDT,98755.98,0.0064,SELL,0
1733928156595,SPOT_BTC_USDT,98755.5,0.001867,BUY,0
1733928156795,SPOT_BTC_USDT,98755.99,0.00145,BUY,0
1733928156995,SPOT_BTC_USDT,98755.98,0.01004,SELL,0
1733928156995,SPOT_ETH_USDT,3730.41,28.607095,SELL,0
1733928156995,SPOT_ETH_USDT,3730.68,38.9802,SELL,0
1733928156995,SPOT_ETH_USDT,3730.71,0.045,BUY,0
1733928157195,SPOT_BTC_USDT,98755.99,0.0001,BUY,0
1733928157195,SPOT_WOO_USDT,0.28982,8.27,SELL,0
1733928157195,SPOT_ETH_USDT,3730.36,2.4323,SELL,0
1733928157195,SPOT_ETH_USDT,3730.02,0.13,SELL,0
1733928157395,SPOT_BTC_USDT,98755.98,0.00311,SELL,0
1733928157395,SPOT_BTC_USDT,98755.99,0.00021,BUY,0
1733928157395,SPOT_ETH_USDT,3730.03,0.134047,BUY,0
1733928157595,SPOT_ETH_USDT,3730.22,0.0321,BUY,0
1733928157795,SPOT_BTC_USDT,98755.96,0.039999,SELL,0
1733928157795,SPOT_BTC_USDT,98755.98,0.00026,SELL,0
1733928157795,SPOT_ETH_USDT,3730.07,0.0043,BUY,0
1733928157795,SPOT_ETH_USDT,3730.22,0.8298,BUY,0
1733928157995,SPOT_BTC_USDT,98750.02,0.00417,BUY,0
1733928157995,SPOT_BTC_USDT,98755.93,0.42096,SELL,0
1733928157995,SPOT_ETH_USDT,3730.07,0.4662,SELL,0
1733928157995,SPOT_ETH_USDT,3730.22,0.085,BUY,0
1733928157995,SPOT_ETH_USDT,3730.02,0.0001,SELL,0
1733928158195,SPOT_WOO_USDT,0.2898,7314.0,BUY,0
1733928158195,SPOT_BTC_USDT,98751.89,0.1022,SELL,0
1733928158195,SPOT_BTC_USDT,98746.8,0.020263,BUY,0
1733928158195,SPOT_BTC_USDT,98746.02,0.05929,SELL,0
1733928158195,SPOT_ETH_USDT,3729.52,1.107,BUY,0
1733928158195,SPOT_ETH_USDT,3729.99,0.0201,SELL,0
1733928158195,SPOT_ETH_USDT,3730.05,21.6207,BUY,0
1733928158395,SPOT_WOO_USDT,0.28977,34.32,BUY,0
1733928158395,SPOT_BTC_USDT,98748.25,1.064918,BUY,0
1733928158395,SPOT_BTC_USDT,98745.43,4.82445,BUY,0
1733928158395,SPOT_BTC_USDT,98753.78,0.01578,SELL,0
1733928158395,SPOT_ETH_USDT,3730.37,0.2645,BUY,0
1733928158395,SPOT_ETH_USDT,3730.19,7.465088,BUY,0
1733928158595,SPOT_BTC_USDT,98756.54,0.57115,BUY,0
1733928158595,SPOT_BTC_USDT,98759.3,0.00057,SELL,0
1733928158595,SPOT_ETH_USDT,3730.65,0.4835,BUY,0
1733928158595,SPOT_ETH_USDT,3730.39,0.134034,BUY,0
1733928158795,SPOT_BTC_USDT,98768.0,0.00183,BUY,0
1733928158795,SPOT_BTC_USDT,98779.0,1.5e-05,BUY,0
1733928158795,SPOT_ETH_USDT,3730.82,0.0216,BUY,0
1733928158995,SPOT_BTC_USDT,98771.01,0.03436,BUY,0
1733928158995,SPOT_BTC_USDT,98771.99,6e-05,SELL,0
1733928158995,SPOT_WOO_USDT,0.29,861.7,BUY,0
1733928158995,SPOT_WOO_USDT,0.2899,800.08,BUY,0
1733928158995,SPOT_ETH_USDT,3731.26,1.475531,SELL,0
1733928158995,SPOT_ETH_USDT,3730.78,1.82929,BUY,0
1733928158995,SPOT_ETH_USDT,3731.11,4.3849,BUY,0
1733928159195,SPOT_BTC_USDT,98787.71,0.02244,SELL,0
1733928159195,SPOT_BTC_USDT,98778.65,0.169098,BUY,0
1733928159195,SPOT_BTC_USDT,98783.13,0.09639,BUY,0
1733928159195,SPOT_ETH_USDT,3731.37,0.710566,BUY,0
1733928159195,SPOT_ETH_USDT,3731.35,0.0001,SELL,0
1733928159195,SPOT_ETH_USDT,3731.54,1.3131,BUY,0
1733928159395,SPOT_BTC_USDT,98794.15,0.09537,BUY,0
1733928159395,SPOT_BTC_USDT,98795.6,0.003447,SELL,0
1733928159395,SPOT_ETH_USDT,3731.6,3.1252,BUY,0
1733928159395,SPOT_ETH_USDT,3731.59,1.2186,SELL,0
1733928159595,SPOT_BTC_USDT,98795.81,0.10353,BUY,0
1733928159595,SPOT_BTC_USDT,98795.8,0.01652,SELL,0
1733928159595,SPOT_ETH_USDT,3731.7,0.2068,BUY,0
1733928159795,SPOT_WOO_USDT,0.2901,30.3,SELL,0
1733928159795,SPOT_ETH_USDT,3731.61,0.000269,SELL,0
1733928159795,SPOT_BTC_USDT,98782.34,0.00282,BUY,0
1733928159795,SPOT_BTC_USDT,98795.8,0.00124,SELL,0
1733928159995,SPOT_BTC_USDT,98795.6,0.011864,SELL,0
1733928159995,SPOT_ETH_USDT,3731.75,0.0111,SELL,0
1733928160195,SPOT_BTC_USDT,98795.81,0.00384,BUY,0
1733928160195,SPOT_BTC_USDT,98795.8,0.0004,SELL,0
1733928160195,SPOT_ETH_USDT,3731.51,0.0001,SELL,0
1733928160395,SPOT_BTC_USDT,98795.6,0.00517,SELL,0
1733928160395,SPOT_ETH_USDT,3731.76,0.014,BUY,0
1733928160595,SPOT_BTC_USDT,98795.81,0.002,BUY,0
1733928160795,SPOT_ETH_USDT,3731.76,0.3655,BUY,0
1733928160995,SPOT_ETH_USDT,3731.75,5.3579,SELL,0
1733928161195,SPOT_BTC_USDT,98795.81,0.00018,BUY,0
1733928161195,SPOT_ETH_USDT,3731.76,1.0983,BUY,0
1733928161395,SPOT_ETH_USDT,3732.05,0.9552,BUY,0
1733928161595,SPOT_BTC_USDT,98797.02,0.04215,BUY,0
1733928161595,SPOT_BTC_USDT,98795.7,0.019685,BUY,0
1733928161595,SPOT_BTC_USDT,98795.6,0.001773,SELL,0
1733928161595,SPOT_ETH_USDT,3732.38,0.215,BUY,0
1733928161795,SPOT_BTC_USDT,98787.3,0.00187,BUY,0
1733928161795,SPOT_BTC_USDT,98800.11,0.0833,BUY,0
1733928161795,SPOT_BTC_USDT,98802.44,6e-05,SELL,0
1733928161995,SPOT_BTC_USDT,98802.45,0.00166,BUY,0
1733928161995,SPOT_BTC_USDT,98802.44,0.00024,SELL,0
1733928161995,SPOT_BTC_USDT,98801.98,0.09248,BUY,0
1733928162395,SPOT_BTC_USDT,98802.44,0.00089,SELL,0
1733928162395,SPOT_ETH_USDT,3732.49,0.37,BUY,0
1733928162595,SPOT_BTC_USDT,98805.1,0.000104,BUY,0
1733928162595,SPOT_BTC_USDT,98805.0,0.000891,SELL,0
1733928162595,SPOT_BTC_USDT,98802.45,0.002,BUY,0
1733928162795,SPOT_BTC_USDT,98802.44,0.00093,SELL,0
1733928162795,SPOT_ETH_USDT,3732.45,0.715909,SELL,0
1733928162795,SPOT_ETH_USDT,3732.49,0.0331,BUY,0
1733928163195,SPOT_BTC_USDT,98789.1,0.00283,SELL,0
1733928163195,SPOT_BTC_USDT,98802.44,0.01892,SELL,0
1733928163195,SPOT_BTC_USDT,98802.45,0.00081,BUY,0
1733928163395,SPOT_BTC_USDT,98807.8,0.001202,SELL,0
1733928163595,SPOT_ETH_USDT,3732.45,0.01435,SELL,0
1733928163795,SPOT_BTC_USDT,98789.2,0.02605,BUY,0
1733928163795,SPOT_BTC_USDT,98802.44,0.00523,SELL,0
1733928164195,SPOT_ETH_USDT,3732.49,0.0268,BUY,0
1733928164195,SPOT_BTC_USDT,98807.8,0.000215,SELL,0
1733928164595,SPOT_BTC_USDT,98807.9,9.6e-05,BUY,0
1733928164595,SPOT_ETH_USDT,3732.49,0.9578,BUY,0
1733928164795,SPOT_BTC_USDT,98802.45,0.00103,BUY,0
1733928164795,SPOT_WOO_USDT,0.2902,891.4,BUY,0
1733928164795,SPOT_ETH_USDT,3731.99,0.6095,BUY,0
1733928164795,SPOT_ETH_USDT,3732.42,0.006236,SELL,0
1733928164995,SPOT_ETH_USDT,3732.45,0.202,SELL,0
1733928164995,SPOT_ETH_USDT,3732.35,0.000269,BUY,0
1733928164995,SPOT_ETH_USDT,3732.49,0.008,BUY,0
1733928164995,SPOT_BTC_USDT,98804.31,0.00375,SELL,0
1733928164995,SPOT_BTC_USDT,98805.14,0.3908,BUY,0
1733928165195,SPOT_ETH_USDT,3732.58,6.0959,BUY,0
1733928165195,SPOT_BTC_USDT,98816.16,0.055597,BUY,0
1733928165195,SPOT_BTC_USDT,98820.82,0.02074,BUY,0
1733928165195,SPOT_BTC_USDT,98823.51,6e-05,SELL,0
1733928165395,SPOT_ETH_USDT,3732.57,0.245259,BUY,0
1733928165395,SPOT_ETH_USDT,3732.84,0.1288,BUY,0
1733928165395,SPOT_BTC_USDT,98823.51,0.0001,SELL,0
1733928165395,SPOT_BTC_USDT,98835.8,0.0002,SELL,0
1733928165395,SPOT_BTC_USDT,98811.5,0.03961,BUY,0
1733928165595,SPOT_BTC_USDT,98823.52,0.0002,BUY,0
1733928165595,SPOT_WOO_USDT,0.2904,55.7,SELL,0
1733928165595,SPOT_ETH_USDT,3732.87,0.0538,BUY,0
1733928165795,SPOT_BTC_USDT,98823.63,0.05139,BUY,0
1733928165795,SPOT_BTC_USDT,98835.9,9.6e-05,BUY,0
1733928165795,SPOT_ETH_USDT,3732.87,0.0127,BUY,0
1733928165995,SPOT_WOO_USDT,0.2903,30.3,SELL,0
1733928165995,SPOT_BTC_USDT,98824.0,0.00063,BUY,0
1733928166195,SPOT_ETH_USDT,3732.43,0.03,BUY,0
1733928166195,SPOT_ETH_USDT,3732.91,0.188569,SELL,0
1733928166195,SPOT_ETH_USDT,3732.87,0.0349,BUY,0
1733928166195,SPOT_BTC_USDT,98811.5,0.00012,BUY,0
1733928166195,SPOT_BTC_USDT,98824.0,0.00398,BUY,0
1733928166395,SPOT_ETH_USDT,3732.62,2.5476,SELL,0
1733928166395,SPOT_ETH_USDT,3732.68,0.0017,BUY,0
1733928166395,SPOT_ETH_USDT,3732.33,0.397988,SELL,0
1733928166395,SPOT_BTC_USDT,98811.5,0.00018,BUY,0
1733928166395,SPOT_BTC_USDT,98824.0,0.00013,BUY,0
1733928166595,SPOT_WOO_USDT,0.2902,25.9,SELL,0
1733928166595,SPOT_ETH_USDT,3732.56,5.9674,SELL,0
1733928166595,SPOT_ETH_USDT,3732.21,10.10955,SELL,0
1733928166595,SPOT_BTC_USDT,98811.5,0.00015,BUY,0
1733928166595,SPOT_BTC_USDT,98824.0,0.002,BUY,0
1733928166795,SPOT_BTC_USDT,98811.5,0.00018,BUY,0
1733928166795,SPOT_BTC_USDT,98824.0,0.005,BUY,0
1733928166795,SPOT_ETH_USDT,3732.25,0.0535,BUY,0
1733928166795,SPOT_ETH_USDT,3731.82,1.901774,BUY,0
1733928166995,SPOT_ETH_USDT,3732.15,0.4947,SELL,0
1733928166995,SPOT_BTC_USDT,98811.5,0.00018,BUY,0
1733928167195,SPOT_ETH_USDT,3731.67,0.201969,SELL,0
1733928167195,SPOT_BTC_USDT,98811.5,0.00085,BUY,0
1733928167195,SPOT_BTC_USDT,98824.0,0.004,BUY,0
1733928167395,SPOT_ETH_USDT,3731.01,0.0876,BUY,0
1733928167395,SPOT_ETH_USDT,3731.5,13.1395,SELL,0
1733928167395,SPOT_BTC_USDT,98823.39,3.44317,SELL,0
1733928167395,SPOT_BTC_USDT,98812.65,0.00016,BUY,0
1733928167395,SPOT_BTC_USDT,98834.76,0.067539,SELL,0
1733928167595,SPOT_ETH_USDT,3731.01,0.0291,BUY,0
1733928167595,SPOT_ETH_USDT,3730.88,0.1,SELL,0
1733928167595,SPOT_BTC_USDT,98821.82,0.501058,SELL,0
1733928167595,SPOT_BTC_USDT,98811.5,6e-05,BUY,0
1733928167595,SPOT_BTC_USDT,98817.96,0.21458,SELL,0
1733928167595,SPOT_BTC_USDT,98816.61,0.00732,BUY,0
1733928167795,SPOT_BTC_USDT,98813.62,0.00425,SELL,0
1733928167795,SPOT_BTC_USDT,98811.5,0.00037,BUY,0
1733928167795,SPOT_ETH_USDT,3731.01,1.3657,BUY,0
1733928167995,SPOT_BTC_USDT,98813.63,0.04775,BUY,0
1733928167995,SPOT_BTC_USDT,98815.6,3.6e-05,SELL,0
1733928168195,SPOT_ETH_USDT,3730.77,0.03,BUY,0
1733928168195,SPOT_ETH_USDT,3730.97,0.5149,SELL,0
1733928168195,SPOT_ETH_USDT,3730.87,0.0019,SELL,0
1733928168195,SPOT_BTC_USDT,98813.62,6e-05,SELL,0
1733928168195,SPOT_BTC_USDT,98813.63,0.00519,BUY,0
1733928168395,SPOT_ETH_USDT,3730.65,3.1336,BUY,0
1733928168395,SPOT_ETH_USDT,3730.66,0.7881,SELL,0
1733928168395,SPOT_ETH_USDT,3730.41,0.13,SELL,0
1733928168595,SPOT_ETH_USDT,3730.28,6.352033,SELL,0
1733928168595,SPOT_BTC_USDT,98815.7,0.053663,BUY,0
1733928168595,SPOT_BTC_USDT,98813.63,0.002,BUY,0
1733928168795,SPOT_ETH_USDT,3730.65,0.2812,BUY,0
1733928168795,SPOT_BTC_USDT,98811.5,0.00016,BUY,0
1733928168995,SPOT_BTC_USDT,98808.22,0.34537,SELL,0
1733928168995,SPOT_BTC_USDT,98809.42,0.3,BUY,0
1733928168995,SPOT_BTC_USDT,98812.65,0.141389,SELL,0
1733928168995,SPOT_BTC_USDT,98813.6,1e-05,BUY,0
1733928168995,SPOT_ETH_USDT,3730.56,4.165,SELL,0
1733928168995,SPOT_ETH_USDT,3730.16,0.079344,SELL,0
1733928168995,SPOT_ETH_USDT,3730.22,0.005,BUY,0
1733928169195,SPOT_ETH_USDT,3730.29,0.0527,SELL,0
1733928169195,SPOT_ETH_USDT,3730.33,0.0066,BUY,0
1733928169195,SPOT_ETH_USDT,3729.99,0.13,SELL,0
1733928169195,SPOT_BTC_USDT,98811.18,0.346419,SELL,0
1733928169195,SPOT_BTC_USDT,98794.09,0.07646,SELL,0
1733928169195,SPOT_BTC_USDT,98796.01,0.004,BUY,0
1733928169395,SPOT_ETH_USDT,3730.02,0.2669,BUY,0
1733928169395,SPOT_ETH_USDT,3730.11,0.1506,SELL,0
1733928169395,SPOT_ETH_USDT,3729.99,0.13,SELL,0
1733928169395,SPOT_BTC_USDT,98795.97,0.079468,SELL,0
1733928169395,SPOT_BTC_USDT,98792.57,0.00552,SELL,0
1733928169595,SPOT_ETH_USDT,3729.8,4.559863,SELL,0
1733928169595,SPOT_ETH_USDT,3730.01,3.4031,SELL,0
1733928169595,SPOT_BTC_USDT,98790.45,1.07894,SELL,0
1733928169595,SPOT_BTC_USDT,98792.57,0.002,BUY,0
1733928169595,SPOT_BTC_USDT,98785.9,0.0002,BUY,0
1733928169795,SPOT_ETH_USDT,3729.27,0.208607,SELL,0
1733928169795,SPOT_ETH_USDT,3730.01,0.0281,BUY,0
1733928169795,SPOT_BTC_USDT,98763.09,0.99616,SELL,0
1733928169795,SPOT_BTC_USDT,98762.18,0.10006,BUY,0
1733928169795,SPOT_BTC_USDT,98778.89,1.70177,SELL,0
1733928169995,SPOT_ETH_USDT,3729.71,0.0441,BUY,0
1733928169995,SPOT_ETH_USDT,3729.27,1.135635,BUY,0
1733928169995,SPOT_BTC_USDT,98773.64,0.02399,SELL,0
1733928169995,SPOT_BTC_USDT,98762.18,0.01012,BUY,0
1733928170195,SPOT_BTC_USDT,98775.5,1e-05,BUY,0
1733928170195,SPOT_BTC_USDT,98771.8,0.020794,SELL,0
1733928170195,SPOT_BTC_USDT,98762.3,0.5067,BUY,0
1733928170395,SPOT_BTC_USDT,98772.31,0.04087,BUY,0
1733928170395,SPOT_ETH_USDT,3729.6,0.4741,BUY,0
1733928170395,SPOT_ETH_USDT,3729.71,0.456,BUY,0
1733928170595,SPOT_ETH_USDT,3729.71,0.9074,BUY,0
1733928170595,SPOT_ETH_USDT,3729.79,0.501069,BUY,0
1733928170595,SPOT_BTC_USDT,98777.86,0.01014,BUY,0
1733928170595,SPOT_BTC_USDT,98779.99,0.0106,SELL,0
1733928170795,SPOT_BTC_USDT,98792.82,0.134024,BUY,0
1733928170795,SPOT_BTC_USDT,98787.9,0.001059,SELL,0
1733928170795,SPOT_BTC_USDT,98789.87,0.00015,SELL,0
1733928170795,SPOT_BTC_USDT,98785.89,0.01603,BUY,0
1733928170795,SPOT_ETH_USDT,3729.85,1.5692,BUY,0
1733928170795,SPOT_ETH_USDT,3729.79,0.0001,SELL,0
1733928171195,SPOT_ETH_USDT,3730.07,0.1895,BUY,0
1733928171195,SPOT_BTC_USDT,98789.88,0.10122,BUY,0
1733928171395,SPOT_BTC_USDT,98789.87,0.00067,SELL,0
1733928171395,SPOT_BTC_USDT,98789.88,0.00075,BUY,0
1733928171395,SPOT_BTC_USDT,98798.9,0.001382,SELL,0
1733928171595,SPOT_BTC_USDT,98789.88,0.004,BUY,0
1733928171595,SPOT_BTC_USDT,98789.87,0.17863,SELL,0
1733928171595,SPOT_ETH_USDT,3730.06,0.0408,SELL,0
1733928171795,SPOT_BTC_USDT,98798.9,0.000494,SELL,0
1733928171795,SPOT_ETH_USDT,3730.07,0.2031,BUY,0
1733928171995,SPOT_BTC_USDT,98789.4,0.149202,SELL,0
1733928171995,SPOT_BTC_USDT,98792.3,1e-05,BUY,0
1733928171995,SPOT_BTC_USDT,98789.87,0.00668,SELL,0
1733928171995,SPOT_ETH_USDT,3729.79,0.0001,SELL,0
1733928171995,SPOT_ETH_USDT,3729.8,0.013403,BUY,0
1733928172195,SPOT_ETH_USDT,3729.9,0.0636,SELL,0
1733928172195,SPOT_BTC_USDT,98789.88,6e-05,BUY,0
1733928172195,SPOT_BTC_USDT,98775.2,0.00054,SELL,0
1733928172395,SPOT_BTC_USDT,98788.1,8.1e-05,BUY,0
1733928172395,SPOT_BTC_USDT,98789.87,0.00028,SELL,0
1733928172395,SPOT_ETH_USDT,3729.77,6.0559,BUY,0
1733928172395,SPOT_ETH_USDT,3729.75,0.004,SELL,0
1733928172595,SPOT_BTC_USDT,98789.87,0.00084,SELL,0
1733928172595,SPOT_BTC_USDT,98789.88,0.004,BUY,0
1733928172595,SPOT_BTC_USDT,98790.2,0.006831,BUY,0
1733928172795,SPOT_ETH_USDT,3730.02,0.0067,BUY,0
1733928172995,SPOT_BTC_USDT,98789.88,0.00101,BUY,0
1733928172995,SPOT_ETH_USDT,3729.99,0.1994,SELL,0
1733928173595,SPOT_BTC_USDT,98789.88,0.004,BUY,0
1733928173595,SPOT_BTC_USDT,98789.87,0.20738,SELL,0
1733928173595,SPOT_ETH_USDT,3730.07,18.7928,BUY,0
1733928173595,SPOT_ETH_USDT,3730.0,0.134048,BUY,0
1733928173795,SPOT_BTC_USDT,98791.28,0.00532,BUY,0
1733928173795,SPOT_ETH_USDT,3730.36,3.722914,BUY,0
1733928173795,SPOT_ETH_USDT,3730.57,0.0001,SELL,0
1733928173795,SPOT_ETH_USDT,3730.35,0.6138,BUY,0
1733928173995,SPOT_BTC_USDT,98775.3,0.03722,BUY,0
1733928173995,SPOT_BTC_USDT,98792.0,0.00042,BUY,0
1733928173995,SPOT_BTC_USDT,98791.99,0.74433,SELL,0
1733928173995,SPOT_ETH_USDT,3730.87,5.5421,BUY,0
1733928173995,SPOT_ETH_USDT,3730.62,0.134175,BUY,0
1733928174195,SPOT_BTC_USDT,98799.63,0.264655,BUY,0
1733928174195,SPOT_BTC_USDT,98794.64,0.079,BUY,0
1733928174195,SPOT_WOO_USDT,0.2901,367.3,BUY,0
1733928174195,SPOT_ETH_USDT,3731.22,3.4305,BUY,0
1733928174195,SPOT_ETH_USDT,3731.37,4.809539,BUY,0
1733928174395,SPOT_BTC_USDT,98788.76,0.046741,BUY,0
1733928174395,SPOT_ETH_USDT,3731.54,0.007263,SELL,0
1733928174395,SPOT_ETH_USDT,3731.38,1.6795,BUY,0
1733928174595,SPOT_ETH_USDT,3731.54,0.005,SELL,0
1733928174595,SPOT_BTC_USDT,98802.44,0.00398,BUY,0
1733928174795,SPOT_BTC_USDT,98802.44,0.03531,BUY,0
1733928174795,SPOT_BTC_USDT,98790.2,0.00139,SELL,0
1733928174795,SPOT_ETH_USDT,3731.46,4.1123,BUY,0
1733928174995,SPOT_BTC_USDT,98803.52,0.100807,BUY,0
1733928174995,SPOT_BTC_USDT,98803.34,0.38892,BUY,0
1733928174995,SPOT_ETH_USDT,3731.85,1.9588,BUY,0
1733928174995,SPOT_ETH_USDT,3731.65,3.124966,BUY,0
1733928174995,SPOT_ETH_USDT,3731.65,0.0001,SELL,0
1733928175195,SPOT_BTC_USDT,98796.28,0.02376,BUY,0
1733928175195,SPOT_BTC_USDT,98823.9,1.2e-05,SELL,0
1733928175195,SPOT_ETH_USDT,3732.19,3.5284,SELL,0
1733928175395,SPOT_BTC_USDT,98824.0,5e-05,BUY,0
1733928175395,SPOT_ETH_USDT,3731.81,0.130369,SELL,0
1733928175595,SPOT_BTC_USDT,98813.61,0.05406,SELL,0
1733928175595,SPOT_BTC_USDT,98813.62,0.002,BUY,0
1733928175795,SPOT_BTC_USDT,98824.0,0.001393,BUY,0
1733928175795,SPOT_ETH_USDT,3731.67,0.13,SELL,0
1733928175995,SPOT_ETH_USDT,3732.2,0.002,BUY,0
1733928176195,SPOT_ETH_USDT,3731.55,7.5762,BUY,0
1733928176195,SPOT_ETH_USDT,3732.18,25.6261,SELL,0
1733928176195,SPOT_ETH_USDT,3731.53,0.1554,BUY,0
1733928176195,SPOT_ETH_USDT,3731.52,0.0001,SELL,0
1733928176395,SPOT_BTC_USDT,98813.61,0.00124,SELL,0
1733928176395,SPOT_BTC_USDT,98798.7,0.00136,SELL,0
1733928176395,SPOT_ETH_USDT,3731.33,0.13,SELL,0
1733928176595,SPOT_BTC_USDT,98798.7,0.00139,SELL,0
1733928176795,SPOT_BTC_USDT,98800.87,0.00233,SELL,0
1733928176795,SPOT_ETH_USDT,3731.21,0.13,SELL,0
1733928176995,SPOT_BTC_USDT,98813.62,0.0003,BUY,0
1733928176995,SPOT_BTC_USDT,98823.9,0.000983,SELL,0
1733928177195,SPOT_ETH_USDT,3731.48,1.0692,SELL,0
1733928177195,SPOT_ETH_USDT,3731.55,0.0239,BUY,0
1733928177195,SPOT_ETH_USDT,3730.88,0.13,SELL,0
1733928177195,SPOT_BTC_USDT,98813.61,0.00111,SELL,0
1733928177395,SPOT_BTC_USDT,98813.61,0.00071,SELL,0
1733928177395,SPOT_ETH_USDT,3730.88,0.0001,SELL,0
1733928177395,SPOT_ETH_USDT,3730.89,0.008463,BUY,0
1733928177395,SPOT_ETH_USDT,3731.21,0.045,SELL,0
1733928177595,SPOT_BTC_USDT,98813.62,0.00011,BUY,0
1733928177595,SPOT_ETH_USDT,3730.88,0.13,SELL,0
1733928177595,SPOT_ETH_USDT,3731.18,0.0756,SELL,0
1733928177795,SPOT_BTC_USDT,98823.58,0.076671,SELL,0
1733928177795,SPOT_BTC_USDT,98813.61,0.0091,SELL,0
1733928177795,SPOT_ETH_USDT,3730.69,0.330993,SELL,0
1733928177995,SPOT_BTC_USDT,98816.78,0.269622,SELL,0
1733928177995,SPOT_BTC_USDT,98816.7,1e-05,BUY,0
1733928178195,SPOT_BTC_USDT,98804.02,0.00104,BUY,0
1733928178195,SPOT_BTC_USDT,98798.7,0.02514,SELL,0
1733928178395,SPOT_BTC_USDT,98804.8,0.00375,BUY,0
1733928178395,SPOT_BTC_USDT,98804.01,0.0001,SELL,0
1733928178395,SPOT_ETH_USDT,3731.0,0.017,SELL,0
1733928178595,SPOT_ETH_USDT,3730.58,0.0001,SELL,0
1733928178595,SPOT_ETH_USDT,3730.59,0.005,BUY,0
1733928178795,SPOT_BTC_USDT,98804.01,0.02766,SELL,0
1733928178995,SPOT_BTC_USDT,98804.01,0.31683,SELL,0
1733928178995,SPOT_BTC_USDT,98804.02,0.00024,BUY,0
1733928179395,SPOT_BTC_USDT,98806.19,0.546854,SELL,0
1733928179395,SPOT_BTC_USDT,98802.99,0.70401,SELL,0
1733928179395,SPOT_BTC_USDT,98799.59,0.00016,BUY,0
1733928179395,SPOT_ETH_USDT,3730.61,4.6214,BUY,0
1733928179395,SPOT_ETH_USDT,3730.86,0.6153,SELL,0
1733928179395,SPOT_ETH_USDT,3730.59,0.732336,BUY,0
1733928179395,SPOT_ETH_USDT,3730.58,0.002652,SELL,0
1733928179595,SPOT_BTC_USDT,98789.62,0.01804,SELL,0
1733928179595,SPOT_ETH_USDT,3730.92,1.0007,BUY,0
1733928179595,SPOT_ETH_USDT,3730.67,0.000269,BUY,0
1733928179795,SPOT_BTC_USDT,98790.75,0.00232,BUY,0
1733928179795,SPOT_ETH_USDT,3730.95,0.0738,BUY,0
1733928179995,SPOT_BTC_USDT,98796.14,0.00648,BUY,0
1733928179995,SPOT_ETH_USDT,3730.99,0.105,BUY,0
1733928180195,SPOT_BTC_USDT,98799.51,0.00129,BUY,0
1733928180195,SPOT_BTC_USDT,98803.2,0.04001,BUY,0
1733928180395,SPOT_BTC_USDT,98799.51,0.21255,BUY,0
1733928180395,SPOT_BTC_USDT,98803.4,1e-05,BUY,0
1733928180395,SPOT_ETH_USDT,3730.99,0.0105,SELL,0
1733928180395,SPOT_ETH_USDT,3731.0,0.2079,BUY,0
1733928180795,SPOT_BTC_USDT,98802.73,0.058513,SELL,0
1733928180795,SPOT_BTC_USDT,98799.51,0.00103,BUY,0
1733928180795,SPOT_ETH_USDT,3730.77,0.0001,SELL,0
1733928180795,SPOT_ETH_USDT,3730.78,0.165604,BUY,0
1733928180795,SPOT_ETH_USDT,3731.0,0.1834,BUY,0
1733928180995,SPOT_BTC_USDT,98798.21,0.00297,SELL,0
1733928180995,SPOT_BTC_USDT,98796.3,0.01013,SELL,0
1733928180995,SPOT_ETH_USDT,3730.78,0.004946,BUY,0
1733928180995,SPOT_ETH_USDT,3730.77,1.2,SELL,0
1733928180995,SPOT_ETH_USDT,3730.99,3.0099,SELL,0
1733928181195,SPOT_ETH_USDT,3730.48,0.000269,BUY,0
1733928181195,SPOT_ETH_USDT,3730.46,0.141538,SELL,0
1733928181195,SPOT_BTC_USDT,98798.05,0.20812,SELL,0
1733928181395,SPOT_BTC_USDT,98798.36,0.001011,BUY,0
1733928181395,SPOT_BTC_USDT,98793.03,0.00035,SELL,0
1733928181395,SPOT_ETH_USDT,3730.69,0.0038,BUY,0
1733928181595,SPOT_BTC_USDT,98798.3,0.002833,SELL,0
1733928181595,SPOT_BTC_USDT,98793.04,5e-05,BUY,0
1733928181595,SPOT_BTC_USDT,98793.03,0.00135,SELL,0
1733928181595,SPOT_ETH_USDT,3730.71,4.9902,BUY,0
1733928181595,SPOT_ETH_USDT,3730.59,0.026804,BUY,0
1733928181795,SPOT_BTC_USDT,98812.6,0.003,SELL,0
1733928181795,SPOT_BTC_USDT,98797.8,0.114764,BUY,0
1733928181795,SPOT_BTC_USDT,98793.22,0.48437,BUY,0
1733928181795,SPOT_ETH_USDT,3730.87,0.539289,BUY,0
1733928181795,SPOT_ETH_USDT,3731.3,0.2957,BUY,0
1733928181995,SPOT_BTC_USDT,98802.91,0.00051,SELL,0
1733928182195,SPOT_ETH_USDT,3731.5,0.12,BUY,0
1733928182195,SPOT_ETH_USDT,3731.32,0.13,SELL,0
1733928182395,SPOT_BTC_USDT,98802.92,0.0001,BUY,0
1733928182595,SPOT_BTC_USDT,98812.6,0.000553,SELL,0
1733928182795,SPOT_BTC_USDT,98802.91,0.01391,SELL,0
1733928182795,SPOT_BTC_USDT,98812.6,0.000967,SELL,0
1733928182995,SPOT_BTC_USDT,98802.91,0.00031,SELL,0
1733928182995,SPOT_ETH_USDT,3731.33,0.003187,BUY,0
1733928183195,SPOT_BTC_USDT,98803.99,0.00056,SELL,0
1733928183195,SPOT_BTC_USDT,98803.87,0.01,BUY,0
1733928183195,SPOT_BTC_USDT,98812.6,2.1e-05,SELL,0
1733928183195,SPOT_ETH_USDT,3730.82,0.034,BUY,0
1733928183395,SPOT_BTC_USDT,98804.13,0.0096,SELL,0
1733928183395,SPOT_BTC_USDT,98805.92,0.01154,BUY,0
1733928183395,SPOT_ETH_USDT,3731.37,0.0002,SELL,0
1733928183395,SPOT_ETH_USDT,3731.5,0.0114,BUY,0
1733928183595,SPOT_BTC_USDT,98807.99,0.00026,SELL,0
1733928183595,SPOT_ETH_USDT,3731.49,0.0014,SELL,0
1733928183795,SPOT_BTC_USDT,98807.99,0.00044,SELL,0
1733928183795,SPOT_BTC_USDT,98808.0,0.00165,BUY,0
1733928183795,SPOT_WOO_USDT,0.2901,1367.9,SELL,0
1733928183795,SPOT_ETH_USDT,3731.46,5.1363,SELL,0
1733928183795,SPOT_ETH_USDT,3731.27,0.477558,SELL,0
1733928183995,SPOT_BTC_USDT,98807.99,0.01098,SELL,0
1733928183995,SPOT_BTC_USDT,98811.9,1e-05,BUY,0
1733928183995,SPOT_ETH_USDT,3731.11,0.4499,SELL,0
1733928183995,SPOT_ETH_USDT,3730.85,0.11,SELL,0
1733928184195,SPOT_ETH_USDT,3730.64,0.1,SELL,0
1733928184195,SPOT_BTC_USDT,98803.56,0.003043,SELL,0
1733928184195,SPOT_BTC_USDT,98807.99,0.00097,SELL,0
1733928184395,SPOT_BTC_USDT,98793.3,0.00831,SELL,0
1733928184395,SPOT_ETH_USDT,3730.81,0.5359,BUY,0
1733928184595,SPOT_BTC_USDT,98808.0,0.00101,BUY,0
1733928184595,SPOT_ETH_USDT,3730.81,0.702,BUY,0
1733928184795,SPOT_BTC_USDT,98807.58,0.00021,BUY,0
1733928184795,SPOT_BTC_USDT,98807.96,0.04285,SELL,0
1733928184995,SPOT_BTC_USDT,98799.6,1e-05,BUY,0
1733928184995,SPOT_BTC_USDT,98806.81,0.11334,SELL,0
1733928184995,SPOT_ETH_USDT,3730.81,0.0026,BUY,0
1733928184995,SPOT_ETH_USDT,3730.64,0.007587,SELL,0
1733928185195,SPOT_BTC_USDT,98799.5,0.00056,SELL,0
1733928185195,SPOT_BTC_USDT,98799.51,0.00033,BUY,0
1733928185395,SPOT_BTC_USDT,98793.49,0.20498,SELL,0
1733928185395,SPOT_BTC_USDT,98792.82,0.00106,BUY,0
1733928185395,SPOT_ETH_USDT,3730.16,0.0769,BUY,0
1733928185595,SPOT_BTC_USDT,98792.71,0.00826,SELL,0
1733928185595,SPOT_BTC_USDT,98796.7,0.007006,SELL,0
1733928185795,SPOT_BTC_USDT,98792.1,0.000203,SELL,0
1733928185795,SPOT_BTC_USDT,98792.2,0.039955,BUY,0
1733928185795,SPOT_ETH_USDT,3730.81,0.5811,BUY,0
1733928185995,SPOT_BTC_USDT,98792.1,4.3e-05,SELL,0
1733928186195,SPOT_BTC_USDT,98791.31,0.00029,BUY,0
1733928186195,SPOT_BTC_USDT,98791.3,9e-05,SELL,0
1733928186395,SPOT_BTC_USDT,98791.31,0.98738,BUY,0
1733928186595,SPOT_BTC_USDT,98791.31,0.00025,BUY,0
1733928186795,SPOT_ETH_USDT,3730.8,0.0049,SELL,0
1733928186995,SPOT_BTC_USDT,98791.31,8e-05,BUY,0
1733928187195,SPOT_BTC_USDT,98791.31,0.0002,BUY,0
1733928187395,SPOT_BTC_USDT,98791.3,0.03664,SELL,0
1733928187595,SPOT_BTC_USDT,98793.3,0.00137,SELL,0
1733928187595,SPOT_BTC_USDT,98791.3,0.00202,SELL,0
1733928187595,SPOT_ETH_USDT,3730.81,5.4745,BUY,0
1733928187795,SPOT_BTC_USDT,98791.31,0.00019,BUY,0
1733928187795,SPOT_ETH_USDT,3730.99,0.045,BUY,0
1733928187995,SPOT_BTC_USDT,98795.05,0.20849,BUY,0
1733928187995,SPOT_BTC_USDT,98798.0,0.00012,SELL,0
1733928187995,SPOT_BTC_USDT,98800.2,0.006841,BUY,0
1733928187995,SPOT_BTC_USDT,98796.7,0.010132,SELL,0
1733928187995,SPOT_WOO_USDT,0.29027,3020.9,BUY,0
1733928187995,SPOT_ETH_USDT,3731.49,15.2893,BUY,0
1733928188195,SPOT_BTC_USDT,98804.58,1.4462,BUY,0
1733928188195,SPOT_BTC_USDT,98811.06,0.02042,SELL,0
1733928188195,SPOT_WOO_USDT,0.29022,273.75,BUY,0
1733928188195,SPOT_ETH_USDT,3731.98,3.7686,BUY,0
1733928188195,SPOT_ETH_USDT,3731.98,0.276,SELL,0
1733928188195,SPOT_ETH_USDT,3731.55,1.778793,BUY,0
1733928188395,SPOT_BTC_USDT,98812.0,0.00011,BUY,0
1733928188395,SPOT_BTC_USDT,98811.99,0.0147,SELL,0
1733928188395,SPOT_BTC_USDT,98799.1,0.02724,BUY,0
1733928188395,SPOT_ETH_USDT,3731.99,0.005,SELL,0
1733928188595,SPOT_ETH_USDT,3731.84,0.000369,SELL,0
1733928188795,SPOT_BTC_USDT,98813.01,0.00834,BUY,0
1733928188795,SPOT_ETH_USDT,3731.99,0.0049,SELL,0
1733928188795,SPOT_ETH_USDT,3731.75,0.13,SELL,0
1733928188995,SPOT_BTC_USDT,98802.2,0.00217,SELL,0
1733928188995,SPOT_BTC_USDT,98813.62,0.00042,BUY,0
1733928188995,SPOT_ETH_USDT,3731.79,0.0001,SELL,0
1733928189195,SPOT_BTC_USDT,98799.59,0.012317,BUY,0
1733928189195,SPOT_BTC_USDT,98813.61,0.01538,SELL,0
1733928189395,SPOT_BTC_USDT,98813.62,0.00566,BUY,0
1733928189395,SPOT_BTC_USDT,98823.9,0.0002,SELL,0
1733928189395,SPOT_BTC_USDT,98822.1,0.005721,BUY,0
1733928189595,SPOT_BTC_USDT,98808.09,0.009038,BUY,0
1733928189595,SPOT_BTC_USDT,98823.9,0.000429,SELL,0
1733928189595,SPOT_BTC_USDT,98814.98,1.31674,BUY,0
1733928189595,SPOT_ETH_USDT,3732.05,0.4685,BUY,0
1733928189595,SPOT_ETH_USDT,3731.93,0.152166,BUY,0
1733928189795,SPOT_BTC_USDT,98824.34,0.394238,BUY,0
1733928189795,SPOT_BTC_USDT,98824.04,0.15129,BUY,0
1733928189795,SPOT_BTC_USDT,98829.24,6e-05,SELL,0
1733928189795,SPOT_ETH_USDT,3731.78,0.0231,BUY,0
1733928189795,SPOT_ETH_USDT,3732.19,0.003,SELL,0
1733928189995,SPOT_BTC_USDT,98834.39,0.0345,BUY,0
1733928189995,SPOT_BTC_USDT,98833.37,6e-05,SELL,0
1733928189995,SPOT_ETH_USDT,3732.49,0.8315,BUY,0
1733928189995,SPOT_ETH_USDT,3732.0,0.133976,BUY,0
1733928190195,SPOT_BTC_USDT,98837.48,0.075936,BUY,0
1733928190195,SPOT_BTC_USDT,98848.1,0.000202,SELL,0
1733928190195,SPOT_BTC_USDT,98843.72,0.12704,BUY,0
1733928190195,SPOT_BTC_USDT,98839.99,0.00153,SELL,0
1733928190195,SPOT_ETH_USDT,3732.77,0.9509,BUY,0
1733928190195,SPOT_ETH_USDT,3732.41,0.145,BUY,0
1733928190395,SPOT_BTC_USDT,98848.23,0.01029,BUY,0
1733928190395,SPOT_ETH_USDT,3732.66,0.315,BUY,0
1733928190395,SPOT_ETH_USDT,3732.75,0.092364,SELL,0
1733928190395,SPOT_ETH_USDT,3733.03,0.7218,BUY,0
1733928190595,SPOT_BTC_USDT,98858.9,0.003891,SELL,0
1733928190595,SPOT_BTC_USDT,98850.4,0.00217,SELL,0
1733928190595,SPOT_BTC_USDT,98850.08,0.03876,BUY,0
1733928190595,SPOT_ETH_USDT,3732.77,0.088949,BUY,0
1733928190795,SPOT_BTC_USDT,98852.0,0.00064,BUY,0
1733928190795,SPOT_BTC_USDT,98835.26,0.00087,BUY,0
1733928190995,SPOT_ETH_USDT,3733.2,0.0053,BUY,0
1733928191195,SPOT_BTC_USDT,98854.58,0.10492,BUY,0
1733928191195,SPOT_ETH_USDT,3732.8,0.01204,SELL,0
1733928191395,SPOT_BTC_USDT,98861.88,0.00179,SELL,0
1733928191395,SPOT_BTC_USDT,98860.05,0.01575,BUY,0
1733928191395,SPOT_ETH_USDT,3732.81,0.133947,BUY,0
1733928191395,SPOT_ETH_USDT,3732.8,0.000193,SELL,0
1733928191595,SPOT_BTC_USDT,98861.89,0.00036,BUY,0
1733928191595,SPOT_BTC_USDT,98865.07,0.02096,BUY,0
1733928191595,SPOT_ETH_USDT,3733.2,0.0046,BUY,0
1733928191595,SPOT_ETH_USDT,3733.19,0.005,SELL,0
1733928191795,SPOT_BTC_USDT,98862.99,0.00735,BUY,0
1733928191795,SPOT_BTC_USDT,98850.3,0.00261,BUY,0
1733928191795,SPOT_ETH_USDT,3733.2,0.0203,BUY,0
1733928191795,SPOT_ETH_USDT,3733.19,0.03,SELL,0
1733928191995,SPOT_BTC_USDT,98869.9,0.007983,SELL,0
1733928191995,SPOT_BTC_USDT,98864.0,0.00048,BUY,0
1733928191995,SPOT_ETH_USDT,3732.83,0.045369,SELL,0
1733928192195,SPOT_BTC_USDT,98864.0,0.00699,BUY,0
1733928192195,SPOT_ETH_USDT,3732.69,0.1301,SELL,0
1733928192395,SPOT_BTC_USDT,98864.0,0.00959,BUY,0
1733928192395,SPOT_BTC_USDT,98863.99,0.00088,SELL,0
1733928192395,SPOT_ETH_USDT,3732.5,0.3057,SELL,0
1733928192395,SPOT_ETH_USDT,3733.09,5.8999,SELL,0
1733928192595,SPOT_ETH_USDT,3732.31,0.97,SELL,0
1733928192595,SPOT_ETH_USDT,3732.97,4.8216,SELL,0
1733928192795,SPOT_WOO_USDT,0.2904,860.5,SELL,0
1733928192795,SPOT_ETH_USDT,3732.2,0.13,SELL,0
1733928192995,SPOT_BTC_USDT,98863.21,1.36497,SELL,0
1733928192995,SPOT_BTC_USDT,98859.9,0.055018,SELL,0
1733928192995,SPOT_BTC_USDT,98869.7,1e-05,BUY,0
1733928192995,SPOT_WOO_USDT,0.2903,140.0,SELL,0
1733928192995,SPOT_ETH_USDT,3732.38,7.1562,SELL,0
1733928192995,SPOT_ETH_USDT,3732.12,0.205496,SELL,0
1733928193195,SPOT_BTC_USDT,98857.35,0.002,BUY,0
1733928193195,SPOT_WOO_USDT,0.2904,506.8,BUY,0
1733928193195,SPOT_ETH_USDT,3732.02,0.2849,BUY,0
1733928193195,SPOT_ETH_USDT,3732.03,0.35,SELL,0
1733928193195,SPOT_ETH_USDT,3731.79,0.0001,SELL,0
1733928193395,SPOT_BTC_USDT,98857.34,0.53801,SELL,0
1733928193395,SPOT_WOO_USDT,0.2905,89.0,BUY,0
1733928193395,SPOT_ETH_USDT,3732.04,0.0096,BUY,0
1733928193395,SPOT_ETH_USDT,3731.79,0.13,SELL,0
1733928193595,SPOT_BTC_USDT,98857.35,0.00051,BUY,0
1733928193595,SPOT_ETH_USDT,3732.03,0.6245,SELL,0
1733928193595,SPOT_ETH_USDT,3731.79,1.090001,SELL,0
1733928193795,SPOT_BTC_USDT,98857.34,0.00037,SELL,0
1733928193795,SPOT_ETH_USDT,3732.03,5.0696,SELL,0
1733928193795,SPOT_ETH_USDT,3732.04,0.033,BUY,0
1733928193995,SPOT_BTC_USDT,98857.34,0.00217,SELL,0
1733928193995,SPOT_ETH_USDT,3731.63,0.776304,SELL,0
1733928193995,SPOT_ETH_USDT,3731.92,0.4,SELL,0
1733928194195,SPOT_BTC_USDT,98857.35,0.002,BUY,0
1733928194195,SPOT_BTC_USDT,98857.34,0.01027,SELL,0
1733928194195,SPOT_ETH_USDT,3731.68,4.1075,SELL,0
1733928194195,SPOT_ETH_USDT,3731.19,0.1,SELL,0
1733928194195,SPOT_ETH_USDT,3731.17,2.732935,BUY,0
1733928194395,SPOT_ETH_USDT,3731.52,2.2607,SELL,0
1733928194395,SPOT_ETH_USDT,3731.03,0.13,SELL,0
1733928194595,SPOT_BTC_USDT,98854.82,0.001187,BUY,0
1733928194595,SPOT_ETH_USDT,3731.33,0.0268,BUY,0
1733928194795,SPOT_ETH_USDT,3731.03,0.045,SELL,0
1733928194795,SPOT_ETH_USDT,3731.33,0.0278,BUY,0
1733928194995,SPOT_BTC_USDT,98859.0,0.005057,BUY,0
1733928194995,SPOT_BTC_USDT,98857.34,0.0101,SELL,0
1733928194995,SPOT_ETH_USDT,3731.33,0.0516,BUY,0
1733928194995,SPOT_ETH_USDT,3731.32,0.0853,SELL,0
1733928194995,SPOT_ETH_USDT,3730.95,0.13,SELL,0
1733928195195,SPOT_BTC_USDT,98858.9,0.001304,SELL,0
1733928195195,SPOT_BTC_USDT,98857.34,0.12884,SELL,0
1733928195195,SPOT_BTC_USDT,98857.35,0.00216,BUY,0
1733928195195,SPOT_ETH_USDT,3731.32,0.0714,SELL,0
1733928195195,SPOT_ETH_USDT,3730.95,0.0001,SELL,0
1733928195195,SPOT_ETH_USDT,3730.96,0.768038,BUY,0
1733928195395,SPOT_BTC_USDT,98857.34,0.00157,SELL,0
1733928195395,SPOT_BTC_USDT,98857.35,0.01491,BUY,0
1733928195395,SPOT_BTC_USDT,98854.0,0.001,BUY,0
1733928195395,SPOT_ETH_USDT,3731.38,6.1484,BUY,0
1733928195395,SPOT_ETH_USDT,3731.78,0.0082,SELL,0
1733928195395,SPOT_ETH_USDT,3731.19,0.368144,BUY,0
1733928195395,SPOT_WOO_USDT,0.2904,519.1,BUY,0
1733928195595,SPOT_BTC_USDT,98857.35,0.10157,BUY,0
1733928195595,SPOT_BTC_USDT,98857.34,0.12823,SELL,0
1733928195595,SPOT_ETH_USDT,3731.96,2.4799,BUY,0
1733928195595,SPOT_ETH_USDT,3731.94,0.225,BUY,0
1733928195795,SPOT_BTC_USDT,98860.22,0.052378,BUY,0
1733928195795,SPOT_BTC_USDT,98863.99,0.0001,SELL,0
1733928195795,SPOT_BTC_USDT,98858.96,0.0185,BUY,0
1733928195795,SPOT_ETH_USDT,3732.38,0.045,SELL,0
1733928195795,SPOT_ETH_USDT,3732.1,0.32,BUY,0
1733928195795,SPOT_ETH_USDT,3732.48,5.2738,SELL,0
1733928195795,SPOT_ETH_USDT,3732.46,0.045,BUY,0
1733928195995,SPOT_BTC_USDT,98863.99,0.00168,SELL,0
1733928196195,SPOT_BTC_USDT,98863.99,0.0081,SELL,0
1733928196395,SPOT_BTC_USDT,98869.9,0.009144,SELL,0
1733928196395,SPOT_BTC_USDT,98863.99,0.0001,SELL,0
1733928196395,SPOT_ETH_USDT,3732.49,0.0938,BUY,0
1733928196595,SPOT_ETH_USDT,3732.34,2.191749,SELL,0
1733928196795,SPOT_BTC_USDT,98863.99,0.00057,SELL,0
1733928196795,SPOT_ETH_USDT,3732.48,0.0447,SELL,0
1733928196995,SPOT_BTC_USDT,98863.99,0.00029,SELL,0
1733928196995,SPOT_BTC_USDT,98864.0,0.00028,BUY,0
1733928197195,SPOT_BTC_USDT,98863.98,0.06622,SELL,0
1733928197195,SPOT_BTC_USDT,98869.9,0.018439,SELL,0
1733928197195,SPOT_ETH_USDT,3732.33,0.039984,SELL,0
1733928197395,SPOT_BTC_USDT,98865.94,0.31903,SELL,0
1733928197395,SPOT_BTC_USDT,98857.53,0.25116,SELL,0
1733928197395,SPOT_ETH_USDT,3732.03,14.6111,BUY,0
1733928197395,SPOT_ETH_USDT,3732.12,8.5808,SELL,0
1733928197395,SPOT_ETH_USDT,3731.97,0.13,SELL,0
1733928197395,SPOT_ETH_USDT,3731.61,13.09293,BUY,0
1733928197595,SPOT_BTC_USDT,98852.6,0.0513,SELL,0
1733928197595,SPOT_BTC_USDT,98856.88,0.07774,SELL,0
1733928197595,SPOT_ETH_USDT,3732.21,0.0666,BUY,0
1733928197595,SPOT_ETH_USDT,3732.11,0.0001,SELL,0
1733928197595,SPOT_ETH_USDT,3732.09,0.001269,BUY,0
1733928197795,SPOT_BTC_USDT,98855.0,0.041862,SELL,0
1733928197795,SPOT_BTC_USDT,98855.1,0.000294,BUY,0
1733928197795,SPOT_BTC_USDT,98850.8,0.00085,SELL,0
1733928197795,SPOT_ETH_USDT,3732.31,0.2772,BUY,0
1733928197995,SPOT_BTC_USDT,98855.0,0.002447,SELL,0
1733928197995,SPOT_ETH_USDT,3732.4,0.002,BUY,0
1733928198195,SPOT_ETH_USDT,3732.39,0.0883,SELL,0
1733928198395,SPOT_BTC_USDT,98850.81,0.00029,BUY,0
1733928198395,SPOT_BTC_USDT,98850.8,0.00032,SELL,0
1733928198595,SPOT_BTC_USDT,98847.7,0.0298,SELL,0
1733928198595,SPOT_ETH_USDT,3732.4,2.6792,BUY,0
1733928198595,SPOT_ETH_USDT,3732.39,0.59,SELL,0
1733928198595,SPOT_ETH_USDT,3732.36,0.0435,SELL,0
1733928198795,SPOT_BTC_USDT,98855.0,0.058372,SELL,0
1733928198795,SPOT_BTC_USDT,98846.43,0.00075,SELL,0
1733928198795,SPOT_ETH_USDT,3732.37,0.045,SELL,0
1733928198795,SPOT_ETH_USDT,3732.4,10.0916,BUY,0
1733928198996,SPOT_ETH_USDT,3732.04,0.0206,BUY,0
1733928198996,SPOT_ETH_USDT,3732.47,1.2622,BUY,0
1733928198996,SPOT_ETH_USDT,3732.46,0.0209,SELL,0
1733928199195,SPOT_BTC_USDT,98845.1,1e-05,BUY,0
1733928199195,SPOT_BTC_USDT,98853.6,0.363954,SELL,0
1733928199195,SPOT_BTC_USDT,98846.44,0.00021,BUY,0
1733928199195,SPOT_ETH_USDT,3732.63,1.5736,BUY,0
1733928199395,SPOT_BTC_USDT,98845.0,0.013923,SELL,0
1733928199395,SPOT_BTC_USDT,98846.44,0.00335,BUY,0
1733928199395,SPOT_BTC_USDT,98846.43,0.00032,SELL,0
1733928199395,SPOT_ETH_USDT,3732.47,0.193962,BUY,0
1733928199395,SPOT_ETH_USDT,3732.38,0.005309,SELL,0
1733928199395,SPOT_ETH_USDT,3732.92,0.1818,BUY,0
1733928199395,SPOT_ETH_USDT,3732.83,0.005,SELL,0
1733928199595,SPOT_BTC_USDT,98846.44,0.06255,BUY,0
1733928199595,SPOT_BTC_USDT,98845.0,0.001811,SELL,0
1733928199595,SPOT_ETH_USDT,3733.0,0.0268,BUY,0
1733928199795,SPOT_BTC_USDT,98846.43,0.00178,SELL,0
1733928199795,SPOT_BTC_USDT,98846.44,0.03174,BUY,0
1733928199795,SPOT_BTC_USDT,98851.6,0.057479,BUY,0
1733928199795,SPOT_WOO_USDT,0.29017,25076.5,SELL,0
1733928199995,SPOT_WOO_USDT,0.29022,3138.43,SELL,0
1733928199995,SPOT_ETH_USDT,3732.91,0.0451,SELL,0
1733928200195,SPOT_BTC_USDT,98846.43,0.02023,SELL,0
1733928200195,SPOT_ETH_USDT,3733.0,0.0209,BUY,0
1733928200395,SPOT_BTC_USDT,98851.9,4.5e-05,BUY,0
1733928200395,SPOT_BTC_USDT,98846.44,0.00039,BUY,0
1733928200395,SPOT_BTC_USDT,98846.43,0.00032,SELL,0
1733928200395,SPOT_ETH_USDT,3732.81,0.00707,SELL,0
1733928200595,SPOT_BTC_USDT,98846.44,0.01011,BUY,0
1733928200795,SPOT_BTC_USDT,98846.43,0.00032,SELL,0
1733928200795,SPOT_BTC_USDT,98846.44,0.0008,BUY,0
1733928200795,SPOT_ETH_USDT,3732.81,0.045,SELL,0
1733928200795,SPOT_ETH_USDT,3733.0,0.6473,BUY,0
1733928200995,SPOT_ETH_USDT,3733.0,0.2307,BUY,0
1733928201195,SPOT_BTC_USDT,98846.23,0.37926,SELL,0
1733928201195,SPOT_BTC_USDT,98844.86,0.00048,BUY,0
1733928201195,SPOT_BTC_USDT,98840.33,1.032794,SELL,0
1733928201195,SPOT_ETH_USDT,3732.27,0.158469,SELL,0
1733928201195,SPOT_ETH_USDT,3732.99,4.3051,SELL,0
1733928201395,SPOT_BTC_USDT,98836.2,0.12759,SELL,0
1733928201395,SPOT_BTC_USDT,98829.5,0.01,SELL,0
1733928201395,SPOT_ETH_USDT,3732.61,1.0716,SELL,0
1733928201595,SPOT_ETH_USDT,3732.28,28.5159,SELL,0
1733928201595,SPOT_ETH_USDT,3732.62,0.0135,BUY,0
1733928201595,SPOT_BTC_USDT,98832.22,0.11788,BUY,0
1733928201595,SPOT_BTC_USDT,98835.91,0.31081,SELL,0
1733928201595,SPOT_BTC_USDT,98829.87,0.05912,SELL,0
1733928201595,SPOT_BTC_USDT,98827.9,1e-05,BUY,0
1733928201795,SPOT_BTC_USDT,98832.21,0.00074,SELL,0
1733928201995,SPOT_BTC_USDT,98826.3,0.000202,BUY,0
1733928201995,SPOT_ETH_USDT,3732.61,0.0038,SELL,0
1733928202195,SPOT_BTC_USDT,98828.54,0.03639,SELL,0
1733928202195,SPOT_ETH_USDT,3732.05,0.0001,SELL,0
1733928202195,SPOT_ETH_USDT,3732.49,0.5136,SELL,0
1733928202395,SPOT_BTC_USDT,98824.0,0.02252,SELL,0
1733928202595,SPOT_BTC_USDT,98826.2,0.001838,SELL,0
1733928202595,SPOT_ETH_USDT,3732.42,0.0027,BUY,0
1733928202795,SPOT_BTC_USDT,98824.01,0.00013,BUY,0
1733928203195,SPOT_BTC_USDT,98827.5,0.00095,SELL,0
1733928203195,SPOT_ETH_USDT,3732.39,0.09,SELL,0
1733928203195,SPOT_ETH_USDT,3732.41,0.1323,BUY,0
1733928203395,SPOT_BTC_USDT,98824.01,0.00042,BUY,0
1733928203395,SPOT_BTC_USDT,98824.0,0.00386,SELL,0
1733928203395,SPOT_ETH_USDT,3732.21,0.105,SELL,0
1733928203395,SPOT_ETH_USDT,3732.05,0.0038,SELL,0
1733928203595,SPOT_BTC_USDT,98826.2,0.000288,SELL,0
1733928203595,SPOT_BTC_USDT,98827.6,0.00979,BUY,0
1733928203595,SPOT_BTC_USDT,98824.0,0.0002,SELL,0
1733928203795,SPOT_ETH_USDT,3731.81,0.13,SELL,0
1733928203795,SPOT_ETH_USDT,3732.1,0.0038,BUY,0
1733928203995,SPOT_BTC_USDT,98824.01,0.10429,BUY,0
1733928203995,SPOT_ETH_USDT,3731.98,0.000269,BUY,0
1733928204195,SPOT_WOO_USDT,0.29,437.8,BUY,0
1733928204195,SPOT_BTC_USDT,98824.86,0.46425,BUY,0
1733928204195,SPOT_ETH_USDT,3732.15,0.8008,BUY,0
1733928204395,SPOT_BTC_USDT,98834.2,0.02158,BUY,0
1733928204395,SPOT_BTC_USDT,98835.6,0.017723,BUY,0
1733928204395,SPOT_WOO_USDT,0.29,367.4,BUY,0
1733928204395,SPOT_ETH_USDT,3732.52,0.306,BUY,0
1733928204395,SPOT_ETH_USDT,3732.36,0.0001,SELL,0
1733928204395,SPOT_ETH_USDT,3732.06,0.339962,BUY,0
1733928204595,SPOT_BTC_USDT,98843.5,0.000229,SELL,0
1733928204595,SPOT_ETH_USDT,3732.73,0.2118,BUY,0
1733928204595,SPOT_ETH_USDT,3732.64,0.0442,SELL,0
1733928204795,SPOT_BTC_USDT,98842.62,0.027349,BUY,0
1733928204795,SPOT_BTC_USDT,98841.29,0.02382,BUY,0
1733928204795,SPOT_ETH_USDT,3732.79,0.0913,SELL,0
1733928204795,SPOT_ETH_USDT,3732.78,0.4662,BUY,0
1733928204995,SPOT_BTC_USDT,98844.0,0.00014,BUY,0
1733928204995,SPOT_BTC_USDT,98843.99,0.01678,SELL,0
1733928205195,SPOT_BTC_USDT,98844.0,0.00648,BUY,0
1733928205195,SPOT_ETH_USDT,3732.79,1.7565,SELL,0
1733928205395,SPOT_BTC_USDT,98843.99,1.0,SELL,0
1733928205395,SPOT_ETH_USDT,3732.53,0.000469,SELL,0
1733928205595,SPOT_BTC_USDT,98843.99,0.13049,SELL,0
1733928205595,SPOT_BTC_USDT,98844.0,0.00677,BUY,0
1733928205595,SPOT_ETH_USDT,3732.72,0.2493,SELL,0
1733928205795,SPOT_ETH_USDT,3732.6,2.1596,SELL,0
1733928205795,SPOT_ETH_USDT,3732.18,0.13,SELL,0
1733928205795,SPOT_BTC_USDT,98843.99,0.00037,SELL,0
1733928205995,SPOT_ETH_USDT,3732.16,0.000269,BUY,0
1733928205995,SPOT_ETH_USDT,3732.06,0.13,SELL,0
1733928205995,SPOT_ETH_USDT,3732.5,1.1166,SELL,0
1733928205995,SPOT_BTC_USDT,98847.4,1e-05,BUY,0
1733928206195,SPOT_ETH_USDT,3732.5,1.645,SELL,0
1733928206195,SPOT_BTC_USDT,98844.0,0.00012,BUY,0
1733928206395,SPOT_ETH_USDT,3732.15,0.000369,SELL,0
1733928206395,SPOT_BTC_USDT,98843.99,0.05217,SELL,0
1733928206395,SPOT_BTC_USDT,98844.0,0.00308,BUY,0
1733928206595,SPOT_BTC_USDT,98844.67,0.142908,SELL,0
1733928206595,SPOT_BTC_USDT,98843.85,0.3405,SELL,0
1733928206595,SPOT_BTC_USDT,98841.75,6e-05,BUY,0
1733928206595,SPOT_ETH_USDT,3732.38,0.2981,SELL,0
1733928206595,SPOT_ETH_USDT,3732.06,0.171255,SELL,0
1733928206795,SPOT_ETH_USDT,3732.2,1.0716,SELL,0
1733928206795,SPOT_BTC_USDT,98840.08,0.00702,SELL,0
1733928206795,SPOT_BTC_USDT,98833.82,0.003893,SELL,0
1733928206995,SPOT_ETH_USDT,3732.2,0.0112,SELL,0
1733928207195,SPOT_BTC_USDT,98840.02,0.19585,SELL,0
1733928207395,SPOT_BTC_USDT,98837.56,0.00113,BUY,0
1733928207395,SPOT_BTC_USDT,98837.55,0.00433,SELL,0
1733928207395,SPOT_ETH_USDT,3731.9,0.0001,SELL,0
1733928207395,SPOT_ETH_USDT,3732.2,0.225,SELL,0
1733928207595,SPOT_BTC_USDT,98836.1,0.044699,SELL,0
1733928207595,SPOT_BTC_USDT,98837.55,0.00339,SELL,0
1733928207595,SPOT_BTC_USDT,98837.56,0.00011,BUY,0
1733928207595,SPOT_ETH_USDT,3731.91,0.026797,BUY,0
1733928207795,SPOT_BTC_USDT,98837.56,0.00021,BUY,0
1733928207995,SPOT_ETH_USDT,3732.21,0.0877,BUY,0
1733928207995,SPOT_BTC_USDT,98837.56,0.00111,BUY,0
1733928207995,SPOT_BTC_USDT,98836.2,0.00141,BUY,0
1733928207995,SPOT_BTC_USDT,98836.1,0.001192,SELL,0
1733928208195,SPOT_BTC_USDT,98837.55,0.00289,SELL,0
1733928208195,SPOT_ETH_USDT,3732.34,0.307,BUY,0
1733928208195,SPOT_ETH_USDT,3732.2,0.2318,SELL,0
1733928208195,SPOT_ETH_USDT,3731.98,0.000269,BUY,0
1733928208395,SPOT_WOO_USDT,0.2901,2409.2,BUY,0
1733928208395,SPOT_BTC_USDT,98837.56,0.00304,BUY,0
1733928208395,SPOT_BTC_USDT,98837.55,0.00021,SELL,0
1733928208395,SPOT_ETH_USDT,3732.46,0.878,BUY,0
1733928208595,SPOT_BTC_USDT,98837.56,0.09638,BUY,0
1733928208595,SPOT_ETH_USDT,3732.57,0.464,BUY,0
1733928208795,SPOT_ETH_USDT,3732.59,0.17,SELL,0
1733928208995,SPOT_BTC_USDT,98837.55,0.0007,SELL,0
1733928208995,SPOT_WOO_USDT,0.2902,56.2,BUY,0
1733928208995,SPOT_ETH_USDT,3732.64,0.6001,BUY,0
1733928209195,SPOT_BTC_USDT,98837.56,0.0002,BUY,0
1733928209195,SPOT_BTC_USDT,98837.55,0.00208,SELL,0
1733928209195,SPOT_BTC_USDT,98839.7,1e-05,BUY,0
1733928209395,SPOT_ETH_USDT,3732.36,0.0081,SELL,0
1733928209395,SPOT_ETH_USDT,3732.59,0.6528,SELL,0
1733928209595,SPOT_BTC_USDT,98837.55,0.00197,SELL,0
1733928209595,SPOT_BTC_USDT,98843.1,0.00028,BUY,0
1733928209595,SPOT_ETH_USDT,3732.57,1.2345,SELL,0
1733928209795,SPOT_BTC_USDT,98836.66,0.73374,SELL,0
1733928209795,SPOT_BTC_USDT,98837.45,0.00694,BUY,0
1733928209795,SPOT_BTC_USDT,98842.27,0.043923,SELL,0
1733928209795,SPOT_BTC_USDT,98833.7,1e-05,BUY,0
1733928209795,SPOT_WOO_USDT,0.2901,861.4,SELL,0
1733928209795,SPOT_ETH_USDT,3732.15,0.003469,SELL,0
1733928209795,SPOT_ETH_USDT,3732.17,0.0149,BUY,0
1733928209795,SPOT_ETH_USDT,3732.31,0.1362,SELL,0
1733928209995,SPOT_BTC_USDT,98824.89,0.00691,BUY,0
1733928209995,SPOT_BTC_USDT,98827.45,0.027863,SELL,0
1733928209995,SPOT_BTC_USDT,98825.46,0.020746,BUY,0
1733928209995,SPOT_ETH_USDT,3731.82,0.036796,SELL,0
1733928209995,SPOT_ETH_USDT,3732.22,1.2174,SELL,0
1733928210195,SPOT_BTC_USDT,98824.89,0.06275,BUY,0
1733928210195,SPOT_ETH_USDT,3731.62,0.12,SELL,0
1733928210195,SPOT_ETH_USDT,3732.02,0.045,SELL,0
1733928210395,SPOT_BTC_USDT,98824.88,0.00054,SELL,0
1733928210395,SPOT_ETH_USDT,3732.0,6.3388,SELL,0
1733928210595,SPOT_BTC_USDT,98825.17,0.040899,SELL,0
1733928210595,SPOT_BTC_USDT,98820.26,0.0012,BUY,0
1733928210595,SPOT_BTC_USDT,98821.91,0.08041,SELL,0
1733928210595,SPOT_ETH_USDT,3731.82,0.0053,BUY,0
1733928210595,SPOT_ETH_USDT,3731.5,0.0001,SELL,0
1733928210795,SPOT_BTC_USDT,98817.45,0.00042,SELL,0
1733928210795,SPOT_ETH_USDT,3731.82,0.0067,BUY,0
1733928210795,SPOT_ETH_USDT,3731.81,0.2471,SELL,0
1733928210995,SPOT_BTC_USDT,98817.45,5e-05,SELL,0
1733928210995,SPOT_ETH_USDT,3731.5,0.13,SELL,0
1733928211195,SPOT_BTC_USDT,98825.2,0.003,SELL,0
1733928211195,SPOT_ETH_USDT,3731.82,0.0254,BUY,0
1733928211195,SPOT_ETH_USDT,3731.6,0.000269,BUY,0
1733928211395,SPOT_BTC_USDT,98817.45,0.09039,SELL,0
1733928211395,SPOT_BTC_USDT,98817.46,0.00205,BUY,0
1733928211395,SPOT_ETH_USDT,3731.81,0.452,SELL,0
1733928211595,SPOT_BTC_USDT,98817.58,0.85291,BUY,0
1733928211795,SPOT_BTC_USDT,98828.66,0.61813,BUY,0
1733928211795,SPOT_BTC_USDT,98837.79,6e-05,SELL,0
1733928211795,SPOT_BTC_USDT,98825.2,0.04,SELL,0
1733928211795,SPOT_ETH_USDT,3732.13,0.008462,SELL,0
1733928211795,SPOT_ETH_USDT,3731.63,1.083989,BUY,0
1733928211995,SPOT_BTC_USDT,98843.55,0.016256,BUY,0
1733928212195,SPOT_BTC_USDT,98839.99,0.002,BUY,0
1733928212395,SPOT_BTC_USDT,98839.98,0.00087,SELL,0
1733928212395,SPOT_BTC_USDT,98839.99,0.00054,BUY,0
1733928212595,SPOT_BTC_USDT,98839.99,0.00035,BUY,0
1733928212795,SPOT_BTC_USDT,98826.3,0.0067,BUY,0
1733928212795,SPOT_BTC_USDT,98839.99,0.00321,BUY,0
1733928212795,SPOT_BTC_USDT,98839.98,0.01016,SELL,0
1733928212795,SPOT_ETH_USDT,3731.81,0.085,SELL,0
1733928213195,SPOT_BTC_USDT,98840.0,0.00452,BUY,0
1733928213195,SPOT_BTC_USDT,98847.9,1.9e-05,SELL,0
1733928213195,SPOT_ETH_USDT,3732.13,0.027169,SELL,0
1733928213395,SPOT_ETH_USDT,3731.92,5.9873,BUY,0
1733928213795,SPOT_ETH_USDT,3731.98,0.330568,SELL,0
1733928213795,SPOT_BTC_USDT,98833.83,0.036337,BUY,0
1733928213795,SPOT_BTC_USDT,98841.23,0.01096,BUY,0
1733928213995,SPOT_BTC_USDT,98843.99,0.00048,BUY,0
1733928213995,SPOT_BTC_USDT,98848.4,4.5e-05,BUY,0
1733928214195,SPOT_BTC_USDT,98843.99,0.002,BUY,0
1733928214395,SPOT_BTC_USDT,98843.98,0.00101,SELL,0
1733928214395,SPOT_ETH_USDT,3732.18,3.87,SELL,0
1733928214395,SPOT_ETH_USDT,3731.97,0.0224,SELL,0
1733928214595,SPOT_ETH_USDT,3732.18,3.7799,SELL,0
1733928214795,SPOT_BTC_USDT,98843.99,0.00046,BUY,0
1733928214995,SPOT_ETH_USDT,3732.19,0.0501,BUY,0
1733928215195,SPOT_BTC_USDT,98843.99,0.002,BUY,0
1733928215195,SPOT_BTC_USDT,98843.98,0.00283,SELL,0
1733928215195,SPOT_ETH_USDT,3732.19,0.0597,BUY,0
1733928215195,SPOT_ETH_USDT,3732.18,0.0105,SELL,0
1733928215595,SPOT_ETH_USDT,3732.18,0.0198,SELL,0
1733928215795,SPOT_BTC_USDT,98843.99,0.18903,BUY,0
1733928215795,SPOT_ETH_USDT,3732.19,0.0495,BUY,0
1733928215995,SPOT_BTC_USDT,98848.3,0.000869,SELL,0
1733928215995,SPOT_BTC_USDT,98843.98,0.02024,SELL,0
1733928216195,SPOT_BTC_USDT,98843.99,0.002,BUY,0
1733928216195,SPOT_ETH_USDT,3732.19,0.1071,BUY,0
1733928216395,SPOT_BTC_USDT,98843.98,0.01669,SELL,0
1733928216595,SPOT_WOO_USDT,0.29016,229.15,BUY,0
1733928216595,SPOT_WOO_USDT,0.2901,1228.7,BUY,0
1733928216595,SPOT_BTC_USDT,98850.05,0.14842,BUY,0
1733928216595,SPOT_BTC_USDT,98849.52,0.00055,SELL,0
1733928216595,SPOT_ETH_USDT,3732.27,6.3263,BUY,0
1733928216595,SPOT_ETH_USDT,3732.15,1.422605,BUY,0
1733928216595,SPOT_ETH_USDT,3732.3,0.0001,SELL,0
1733928216795,SPOT_BTC_USDT,98842.09,0.35666,BUY,0
1733928216795,SPOT_BTC_USDT,98852.74,0.12442,BUY,0
1733928216795,SPOT_BTC_USDT,98851.99,0.00388,SELL,0
1733928216795,SPOT_ETH_USDT,3732.65,1.5814,BUY,0
1733928216995,SPOT_BTC_USDT,98856.0,0.02022,BUY,0
1733928216995,SPOT_ETH_USDT,3732.66,0.133952,BUY,0
1733928217395,SPOT_BTC_USDT,98859.3,0.00199,SELL,0
1733928217395,SPOT_BTC_USDT,98856.16,0.09506,BUY,0
1733928217395,SPOT_ETH_USDT,3732.8,0.194793,BUY,0
1733928217595,SPOT_BTC_USDT,98859.31,0.00757,BUY,0
1733928217795,SPOT_BTC_USDT,98859.31,0.0052,BUY,0
1733928217795,SPOT_ETH_USDT,3732.92,0.000269,SELL,0
1733928217995,SPOT_BTC_USDT,98859.3,0.00101,SELL,0
1733928218195,SPOT_BTC_USDT,98859.3,0.00051,SELL,0
1733928218195,SPOT_BTC_USDT,98862.46,0.018,BUY,0
1733928218195,SPOT_ETH_USDT,3732.93,0.004,BUY,0
1733928218395,SPOT_WOO_USDT,0.2903,1273.1,BUY,0
1733928218395,SPOT_ETH_USDT,3733.04,3.5654,BUY,0
1733928218595,SPOT_BTC_USDT,98863.99,0.86218,BUY,0
1733928218595,SPOT_BTC_USDT,98859.63,0.02269,SELL,0
1733928218595,SPOT_BTC_USDT,98861.48,0.462428,BUY,0
1733928218595,SPOT_ETH_USDT,3733.33,1.1132,BUY,0
1733928218595,SPOT_ETH_USDT,3733.02,1.017126,BUY,0
1733928218795,SPOT_BTC_USDT,98875.99,0.049,SELL,0
1733928218795,SPOT_BTC_USDT,98876.0,0.002,BUY,0
1733928218795,SPOT_BTC_USDT,98879.8,0.098664,SELL,0
1733928218795,SPOT_ETH_USDT,3733.33,4.286332,BUY,0
1733928218795,SPOT_ETH_USDT,3733.32,0.0001,SELL,0
1733928218795,SPOT_ETH_USDT,3733.56,0.516,BUY,0
1733928218995,SPOT_BTC_USDT,98879.8,0.001991,SELL,0
1733928218995,SPOT_ETH_USDT,3733.53,0.0751,BUY,0
1733928219195,SPOT_BTC_USDT,98879.8,0.001382,SELL,0
1733928219195,SPOT_BTC_USDT,98875.99,0.01,SELL,0
1733928219195,SPOT_ETH_USDT,3733.47,0.0215,BUY,0
1733928219195,SPOT_ETH_USDT,3733.78,1.127884,SELL,0
1733928219395,SPOT_ETH_USDT,3733.88,3.5145,BUY,0
1733928219595,SPOT_BTC_USDT,98857.4,0.00425,BUY,0
1733928219795,SPOT_BTC_USDT,98875.99,0.00097,SELL,0
1733928219995,SPOT_BTC_USDT,98875.99,7e-05,SELL,0
1733928220195,SPOT_BTC_USDT,98876.0,0.00054,BUY,0
1733928220195,SPOT_ETH_USDT,3734.15,0.0194,BUY,0
1733928220195,SPOT_ETH_USDT,3733.74,0.0001,SELL,0
1733928220395,SPOT_ETH_USDT,3734.15,1.1987,BUY,0
1733928220595,SPOT_WOO_USDT,0.2903,889.5,SELL,0
1733928220595,SPOT_ETH_USDT,3734.02,14.129,SELL,0
1733928220795,SPOT_BTC_USDT,98879.8,0.000126,SELL,0
1733928220795,SPOT_BTC_USDT,98876.0,0.06451,BUY,0
1733928220795,SPOT_ETH_USDT,3733.69,3.2565,SELL,0
1733928220795,SPOT_ETH_USDT,3733.74,2.393254,SELL,0
1733928220995,SPOT_BTC_USDT,98875.99,0.01775,SELL,0
1733928220995,SPOT_ETH_USDT,3733.64,0.004,SELL,0
1733928220995,SPOT_ETH_USDT,3733.65,1.0,BUY,0
1733928221195,SPOT_BTC_USDT,98879.8,5.5e-05,SELL,0
1733928221195,SPOT_BTC_USDT,98881.13,4.41217,BUY,0
1733928221195,SPOT_BTC_USDT,98875.99,0.00061,SELL,0
1733928221195,SPOT_ETH_USDT,3733.66,25.5839,BUY,0
1733928221195,SPOT_ETH_USDT,3733.74,18.931475,BUY,0
1733928221195,SPOT_ETH_USDT,3733.28,0.0001,SELL,0
1733928221395,SPOT_BTC_USDT,98896.42,0.19141,BUY,0
1733928221395,SPOT_BTC_USDT,98880.84,1.771283,BUY,0
1733928221395,SPOT_ETH_USDT,3734.08,5.2148,BUY,0
1733928221395,SPOT_ETH_USDT,3734.29,2.008177,BUY,0
1733928221395,SPOT_ETH_USDT,3734.39,0.049635,SELL,0
1733928221595,SPOT_BTC_USDT,98899.99,0.32116,BUY,0
1733928221595,SPOT_BTC_USDT,98899.83,0.11834,BUY,0
1733928221595,SPOT_ETH_USDT,3734.43,0.1384,BUY,0
1733928221795,SPOT_BTC_USDT,98902.83,0.29626,BUY,0
1733928221795,SPOT_BTC_USDT,98903.98,0.01448,SELL,0
1733928221795,SPOT_BTC_USDT,98903.5,0.002021,SELL,0
1733928221795,SPOT_ETH_USDT,3734.5,0.3411,BUY,0
1733928221795,SPOT_ETH_USDT,3734.39,0.005,SELL,0
1733928221995,SPOT_BTC_USDT,98905.22,0.03491,BUY,0
1733928221995,SPOT_ETH_USDT,3734.58,2.9246,BUY,0
1733928221995,SPOT_ETH_USDT,3734.42,0.237739,BUY,0
1733928222195,SPOT_BTC_USDT,98913.67,0.10178,BUY,0
1733928222195,SPOT_BTC_USDT,98913.66,0.0002,SELL,0
1733928222195,SPOT_ETH_USDT,3734.55,0.493585,BUY,0
1733928222395,SPOT_BTC_USDT,98917.8,0.17485,BUY,0
1733928222395,SPOT_WOO_USDT,0.29024,5000.0,SELL,0
1733928222395,SPOT_ETH_USDT,3734.78,0.8356,BUY,0
1733928222395,SPOT_ETH_USDT,3734.73,0.0001,SELL,0
1733928222595,SPOT_BTC_USDT,98919.98,0.0049,SELL,0
1733928222595,SPOT_BTC_USDT,98922.9,0.001997,SELL,0
1733928222595,SPOT_ETH_USDT,3734.87,0.3508,BUY,0
1733928222595,SPOT_ETH_USDT,3734.76,0.18,BUY,0
1733928222795,SPOT_BTC_USDT,98919.98,0.0062,SELL,0
1733928222795,SPOT_BTC_USDT,98919.99,0.00016,BUY,0
1733928222795,SPOT_ETH_USDT,3734.99,0.4458,BUY,0
1733928222995,SPOT_BTC_USDT,98923.0,0.001515,BUY,0
1733928222995,SPOT_BTC_USDT,98919.98,0.00101,SELL,0
1733928223195,SPOT_BTC_USDT,98919.99,9e-05,BUY,0
1733928223395,SPOT_BTC_USDT,98919.99,0.00455,BUY,0
1733928223595,SPOT_BTC_USDT,98919.98,0.00302,SELL,0
1733928223595,SPOT_BTC_USDT,98919.99,0.00052,BUY,0
1733928223595,SPOT_ETH_USDT,3735.06,0.0026,SELL,0
1733928223795,SPOT_BTC_USDT,98919.99,0.00217,BUY,0
1733928223795,SPOT_WOO_USDT,0.29053,17.23,BUY,0
1733928223795,SPOT_ETH_USDT,3734.98,0.004569,SELL,0
1733928223795,SPOT_ETH_USDT,3735.07,0.0072,BUY,0
1733928223995,SPOT_BTC_USDT,98919.98,0.00181,SELL,0
1733928223995,SPOT_ETH_USDT,3735.07,0.0015,BUY,0
1733928224195,SPOT_BTC_USDT,98922.9,0.001515,SELL,0
1733928224195,SPOT_BTC_USDT,98919.98,0.00031,SELL,0
1733928224395,SPOT_BTC_USDT,98919.99,0.0041,BUY,0
1733928224395,SPOT_ETH_USDT,3735.07,4.4592,BUY,0
1733928224595,SPOT_BTC_USDT,98919.98,0.00071,SELL,0
1733928224595,SPOT_ETH_USDT,3735.06,0.004,SELL,0
1733928224595,SPOT_ETH_USDT,3735.07,0.0696,BUY,0
1733928224795,SPOT_BTC_USDT,98919.99,0.002,BUY,0
1733928225195,SPOT_BTC_USDT,98922.9,0.002274,SELL,0
1733928225195,SPOT_BTC_USDT,98919.98,0.00809,SELL,0
1733928225195,SPOT_ETH_USDT,3735.07,0.2181,BUY,0
1733928225195,SPOT_ETH_USDT,3735.06,0.1342,SELL,0
1733928225395,SPOT_BTC_USDT,98919.99,0.004,BUY,0
1733928225395,SPOT_BTC_USDT,98919.98,0.00016,SELL,0
1733928225395,SPOT_ETH_USDT,3735.07,0.0291,BUY,0
1733928225395,SPOT_ETH_USDT,3734.42,0.408045,SELL,0
1733928225595,SPOT_BTC_USDT,98919.98,0.00033,SELL,0
1733928225595,SPOT_BTC_USDT,98919.99,0.00022,BUY,0
1733928225595,SPOT_ETH_USDT,3734.64,0.279,BUY,0
1733928225595,SPOT_ETH_USDT,3734.89,11.0556,SELL,0
1733928225595,SPOT_ETH_USDT,3734.41,0.0012,SELL,0
1733928225795,SPOT_BTC_USDT,98922.9,0.006525,SELL,0
1733928225795,SPOT_BTC_USDT,98919.98,0.0004,SELL,0
1733928225795,SPOT_BTC_USDT,98919.99,0.002,BUY,0
1733928225795,SPOT_ETH_USDT,3734.64,0.0125,BUY,0
1733928225995,SPOT_WOO_USDT,0.2904,767.4,SELL,0
1733928225995,SPOT_ETH_USDT,3734.53,2.7315,SELL,0
1733928225995,SPOT_ETH_USDT,3734.27,0.0015,SELL,0
1733928226195,SPOT_BTC_USDT,98921.15,1.09745,SELL,0
1733928226195,SPOT_BTC_USDT,98908.5,1e-05,BUY,0
1733928226195,SPOT_BTC_USDT,98919.45,2.2001,SELL,0
1733928226195,SPOT_ETH_USDT,3734.2,0.3273,SELL,0
1733928226195,SPOT_ETH_USDT,3733.8,0.13,SELL,0
1733928226395,SPOT_BTC_USDT,98915.06,0.002,BUY,0
1733928226395,SPOT_ETH_USDT,3734.11,0.054,SELL,0
1733928226595,SPOT_BTC_USDT,98915.05,0.07893,SELL,0
1733928226795,SPOT_BTC_USDT,98914.93,0.468,SELL,0
1733928226795,SPOT_BTC_USDT,98915.06,0.002,BUY,0
1733928226795,SPOT_ETH_USDT,3734.11,0.0499,SELL,0
1733928226995,SPOT_BTC_USDT,98911.76,0.04255,SELL,0
1733928226995,SPOT_ETH_USDT,3734.19,1.5658,BUY,0
1733928226995,SPOT_ETH_USDT,3734.02,0.0001,SELL,0
1733928227195,SPOT_BTC_USDT,98911.76,0.00082,SELL,0
1733928227195,SPOT_BTC_USDT,98906.6,0.011422,BUY,0
1733928227195,SPOT_ETH_USDT,3734.43,0.5653,BUY,0
1733928227395,SPOT_BTC_USDT,98911.76,0.04962,SELL,0
1733928227395,SPOT_BTC_USDT,98911.77,0.002,BUY,0
1733928227395,SPOT_ETH_USDT,3734.55,0.0036,SELL,0
1733928227595,SPOT_ETH_USDT,3734.56,0.0091,BUY,0
1733928227795,SPOT_BTC_USDT,98911.76,0.0033,SELL,0
1733928227795,SPOT_BTC_USDT,98911.77,0.002,BUY,0
1733928227995,SPOT_ETH_USDT,3734.77,0.003169,SELL,0
1733928227995,SPOT_BTC_USDT,98878.92,0.019827,SELL,0
1733928227995,SPOT_BTC_USDT,98902.18,5.00006,SELL,0
1733928227995,SPOT_BTC_USDT,98911.77,0.00018,BUY,0
1733928228195,SPOT_BTC_USDT,98891.98,5e-05,SELL,0
1733928228195,SPOT_BTC_USDT,98887.68,1.621367,SELL,0
1733928228195,SPOT_ETH_USDT,3734.41,0.2318,SELL,0
1733928228195,SPOT_ETH_USDT,3734.21,0.13,SELL,0
1733928228395,SPOT_BTC_USDT,98891.98,0.00302,SELL,0
1733928228395,SPOT_BTC_USDT,98891.99,0.002,BUY,0
1733928228395,SPOT_ETH_USDT,3734.18,0.1,SELL,0
1733928228595,SPOT_ETH_USDT,3733.9,0.00015,SELL,0
1733928228795,SPOT_BTC_USDT,98891.99,0.00254,BUY,0
1733928228795,SPOT_BTC_USDT,98891.98,0.00014,SELL,0
1733928228795,SPOT_ETH_USDT,3734.21,0.0041,BUY,0
1733928228795,SPOT_ETH_USDT,3733.99,0.00031,BUY,0
1733928228995,SPOT_ETH_USDT,3733.88,0.0001,SELL,0
1733928228995,SPOT_ETH_USDT,3734.14,0.3024,SELL,0
1733928229195,SPOT_ETH_USDT,3734.1,0.0148,BUY,0
1733928229595,SPOT_BTC_USDT,98891.99,0.00049,BUY,0
1733928229595,SPOT_BTC_USDT,98891.98,0.01517,SELL,0
1733928229595,SPOT_WOO_USDT,0.29018,19.78,BUY,0
1733928229795,SPOT_ETH_USDT,3734.1,0.0026,BUY,0
1733928229795,SPOT_BTC_USDT,98891.98,0.00039,SELL,0
1733928229795,SPOT_BTC_USDT,98891.99,0.002,BUY,0
1733928230195,SPOT_ETH_USDT,3733.94,2.8389,SELL,0
1733928230395,SPOT_ETH_USDT,3733.84,0.368,SELL,0
1733928230395,SPOT_ETH_USDT,3733.86,0.8034,BUY,0
1733928230395,SPOT_ETH_USDT,3733.71,0.142658,SELL,0
1733928230595,SPOT_BTC_USDT,98900.2,0.007192,SELL,0
1733928230595,SPOT_BTC_USDT,98891.98,0.10416,SELL,0
1733928230595,SPOT_BTC_USDT,98891.99,0.7589,BUY,0
1733928230795,SPOT_BTC_USDT,98897.69,0.056252,BUY,0
1733928230795,SPOT_BTC_USDT,98898.36,0.37897,BUY,0
1733928230795,SPOT_BTC_USDT,98899.03,0.00018,SELL,0
1733928230795,SPOT_ETH_USDT,3734.06,1.153,BUY,0
1733928230795,SPOT_ETH_USDT,3733.9,0.5011,BUY,0
1733928230995,SPOT_BTC_USDT,98906.24,0.16738,BUY,0
1733928230995,SPOT_BTC_USDT,98907.99,1.69387,SELL,0
1733928230995,SPOT_BTC_USDT,98915.7,0.020859,SELL,0
1733928230995,SPOT_BTC_USDT,98912.71,0.00719,BUY,0
1733928231195,SPOT_BTC_USDT,98908.0,0.00221,BUY,0
1733928231195,SPOT_BTC_USDT,98915.8,0.00503,BUY,0
1733928231195,SPOT_ETH_USDT,3734.14,0.1486,BUY,0
1733928231395,SPOT_BTC_USDT,98914.33,0.07468,BUY,0
1733928231395,SPOT_ETH_USDT,3734.21,2.4232,BUY,0
1733928231395,SPOT_ETH_USDT,3734.48,0.005,SELL,0
1733928231395,SPOT_ETH_USDT,3734.0,0.669714,BUY,0
1733928231595,SPOT_BTC_USDT,98915.57,0.0008,SELL,0
1733928231595,SPOT_BTC_USDT,98915.58,0.00225,BUY,0
1733928231595,SPOT_ETH_USDT,3734.68,0.02273,SELL,0
1733928231595,SPOT_ETH_USDT,3734.49,0.0025,SELL,0
1733928231795,SPOT_BTC_USDT,98899.95,0.0346,BUY,0
1733928231795,SPOT_BTC_USDT,98915.58,0.00029,BUY,0
1733928231795,SPOT_ETH_USDT,3734.56,1.0486,BUY,0
1733928231995,SPOT_BTC_USDT,98918.22,0.006706,BUY,0
1733928231995,SPOT_BTC_USDT,98915.58,0.00018,BUY,0
1733928232195,SPOT_WOO_USDT,0.29048,200.0,BUY,0
1733928232195,SPOT_BTC_USDT,98915.58,0.002,BUY,0
1733928232195,SPOT_BTC_USDT,98915.57,0.0056,SELL,0
1733928232195,SPOT_ETH_USDT,3734.42,1.36709,BUY,0
1733928232195,SPOT_ETH_USDT,3734.64,0.001169,SELL,0
1733928232595,SPOT_BTC_USDT,98922.4,0.004224,SELL,0
1733928232595,SPOT_ETH_USDT,3734.61,22.9038,BUY,0
1733928232795,SPOT_BTC_USDT,98915.57,0.00011,SELL,0
1733928232995,SPOT_BTC_USDT,98915.58,0.00055,BUY,0
1733928232995,SPOT_ETH_USDT,3734.79,0.0125,SELL,0
1733928233195,SPOT_BTC_USDT,98915.57,0.02005,SELL,0
1733928233195,SPOT_BTC_USDT,98915.58,0.002,BUY,0
1733928233195,SPOT_BTC_USDT,98900.0,0.0299,BUY,0
1733928233795,SPOT_BTC_USDT,98923.25,0.01104,SELL,0
1733928233795,SPOT_BTC_USDT,98922.9,0.005933,SELL,0
1733928233795,SPOT_ETH_USDT,3734.59,0.000269,BUY,0
1733928233995,SPOT_BTC_USDT,98923.25,0.00018,SELL,0
1733928234195,SPOT_BTC_USDT,98923.26,0.0001,BUY,0
1733928234195,SPOT_ETH_USDT,3734.43,0.0001,SELL,0
1733928234395,SPOT_BTC_USDT,98923.26,0.0002,BUY,0
1733928234395,SPOT_ETH_USDT,3734.8,2.7413,BUY,0
1733928234395,SPOT_ETH_USDT,3734.43,0.13,SELL,0
1733928234595,SPOT_BTC_USDT,98923.26,0.02909,BUY,0
1733928234595,SPOT_ETH_USDT,3734.8,0.0268,BUY,0
1733928234795,SPOT_BTC_USDT,98923.26,0.00116,BUY,0
1733928234795,SPOT_WOO_USDT,0.2903,860.6,SELL,0
1733928234795,SPOT_ETH_USDT,3734.1,15.0961,SELL,0
1733928234795,SPOT_ETH_USDT,3734.64,11.1943,SELL,0
1733928234995,SPOT_BTC_USDT,98920.81,2.1052,SELL,0
1733928234995,SPOT_BTC_USDT,98918.2,1e-05,BUY,0
1733928234995,SPOT_ETH_USDT,3734.14,1.206388,SELL,0
1733928234995,SPOT_ETH_USDT,3734.25,7.0641,SELL,0
1733928235195,SPOT_BTC_USDT,98909.5,0.01487,BUY,0
1733928235195,SPOT_BTC_USDT,98909.49,0.00141,SELL,0
1733928235195,SPOT_BTC_USDT,98907.73,0.032468,SELL,0
1733928235195,SPOT_BTC_USDT,98909.1,2e-05,BUY,0
1733928235195,SPOT_ETH_USDT,3733.88,0.005371,SELL,0
1733928235395,SPOT_BTC_USDT,98904.03,0.004729,BUY,0
1733928235395,SPOT_BTC_USDT,98909.49,0.00033,SELL,0
1733928235595,SPOT_BTC_USDT,98910.02,0.00878,BUY,0
1733928235595,SPOT_ETH_USDT,3733.88,0.0001,SELL,0
1733928235795,SPOT_BTC_USDT,98912.59,0.014,BUY,0
1733928235795,SPOT_BTC_USDT,98913.6,0.006837,BUY,0
1733928235795,SPOT_ETH_USDT,3734.16,0.0846,SELL,0
1733928235995,SPOT_BTC_USDT,98918.2,0.010789,SELL,0
1733928235995,SPOT_BTC_USDT,98912.7,0.00056,SELL,0
1733928235995,SPOT_ETH_USDT,3734.04,0.124,SELL,0
1733928236195,SPOT_BTC_USDT,98912.71,0.002,BUY,0
1733928236395,SPOT_ETH_USDT,3733.27,0.4056,BUY,0
1733928236395,SPOT_BTC_USDT,98907.2,0.02,SELL,0
1733928236795,SPOT_BTC_USDT,98912.7,5e-05,SELL,0
1733928236995,SPOT_BTC_USDT,98912.7,0.07542,SELL,0
1733928236995,SPOT_ETH_USDT,3733.88,0.13,SELL,0
1733928237195,SPOT_BTC_USDT,98912.71,0.002,BUY,0
1733928237195,SPOT_ETH_USDT,3734.02,0.0532,BUY,0
1733928237395,SPOT_ETH_USDT,3734.02,0.0495,BUY,0
1733928237595,SPOT_ETH_USDT,3734.01,0.0175,SELL,0
1733928237995,SPOT_BTC_USDT,98912.71,0.00054,BUY,0
1733928237995,SPOT_BTC_USDT,98912.7,0.03764,SELL,0
1733928237995,SPOT_ETH_USDT,3734.02,0.0814,BUY,0
1733928238195,SPOT_BTC_USDT,98912.71,0.00813,BUY,0
1733928238395,SPOT_BTC_USDT,98912.71,0.00513,BUY,0
1733928238395,SPOT_BTC_USDT,98912.7,0.00208,SELL,0
1733928238395,SPOT_BTC_USDT,98918.3,0.013142,BUY,0
1733928238395,SPOT_ETH_USDT,3734.01,0.0034,SELL,0
1733928238595,SPOT_BTC_USDT,98912.7,0.00018,SELL,0
1733928238795,SPOT_ETH_USDT,3733.39,0.1663,SELL,0
1733928238795,SPOT_ETH_USDT,3733.89,0.002837,BUY,0
1733928239195,SPOT_BTC_USDT,98912.71,0.002,BUY,0
1733928239195,SPOT_BTC_USDT,98912.7,0.00059,SELL,0
1733928239395,SPOT_BTC_USDT,98918.2,5.4e-05,SELL,0
1733928239595,SPOT_BTC_USDT,98912.7,7e-05,SELL,0
1733928239795,SPOT_BTC_USDT,98912.71,0.00018,BUY,0
1733928239995,SPOT_BTC_USDT,98912.7,7e-05,SELL,0
1733928240195,SPOT_BTC_USDT,98912.7,0.00499,SELL,0
1733928240395,SPOT_ETH_USDT,3733.82,0.821962,SELL,0
1733928240595,SPOT_BTC_USDT,98912.7,0.00011,SELL,0
1733928240595,SPOT_ETH_USDT,3733.32,0.194609,BUY,0
1733928240795,SPOT_ETH_USDT,3733.91,0.0454,BUY,0
1733928240795,SPOT_ETH_USDT,3733.91,0.8275,SELL,0
1733928240795,SPOT_ETH_USDT,3733.25,0.075539,BUY,0
1733928240995,SPOT_BTC_USDT,98912.71,0.05054,BUY,0
1733928240995,SPOT_BTC_USDT,98912.7,0.00054,SELL,0
1733928241195,SPOT_WOO_USDT,0.2903,28.8,BUY,0
1733928241195,SPOT_BTC_USDT,98913.2,0.33007,BUY,0
1733928241195,SPOT_BTC_USDT,98912.7,0.00606,SELL,0
1733928241195,SPOT_ETH_USDT,3733.81,0.0119,BUY,0
1733928241395,SPOT_BTC_USDT,98919.56,0.00115,SELL,0
1733928241595,SPOT_ETH_USDT,3733.81,0.0125,BUY,0
1733928241795,SPOT_BTC_USDT,98919.9,0.1666,BUY,0
1733928241795,SPOT_BTC_USDT,98920.6,0.00161,SELL,0
1733928241795,SPOT_BTC_USDT,98907.3,0.02088,BUY,0
1733928241795,SPOT_ETH_USDT,3733.99,0.0001,SELL,0
1733928241795,SPOT_ETH_USDT,3734.11,0.0084,SELL,0
1733928241795,SPOT_ETH_USDT,3733.82,16.1027,BUY,0
1733928241995,SPOT_BTC_USDT,98922.54,1.004096,BUY,0
1733928241995,SPOT_BTC_USDT,98920.61,0.00109,BUY,0
1733928241995,SPOT_BTC_USDT,98920.6,0.00051,SELL,0
1733928241995,SPOT_ETH_USDT,3734.4,0.09564,BUY,0
1733928242195,SPOT_ETH_USDT,3734.11,0.0052,SELL,0
1733928242195,SPOT_BTC_USDT,98921.18,0.00724,SELL,0
1733928242395,SPOT_BTC_USDT,98921.18,0.00029,SELL,0
1733928242395,SPOT_BTC_USDT,98927.3,0.001416,SELL,0
1733928242395,SPOT_ETH_USDT,3734.12,0.0032,BUY,0
1733928242595,SPOT_BTC_USDT,98927.4,0.00101,BUY,0
1733928242595,SPOT_BTC_USDT,98921.18,0.00029,SELL,0
1733928242595,SPOT_ETH_USDT,3734.39,0.047288,SELL,0
1733928242795,SPOT_BTC_USDT,98921.18,0.00334,SELL,0
1733928242795,SPOT_BTC_USDT,98927.3,0.0066,SELL,0
1733928242995,SPOT_BTC_USDT,98921.19,0.09303,BUY,0
1733928242995,SPOT_BTC_USDT,98921.18,0.00468,SELL,0
1733928242995,SPOT_BTC_USDT,98920.2,0.009767,BUY,0
1733928242995,SPOT_ETH_USDT,3734.15,6.7394,BUY,0
1733928243195,SPOT_BTC_USDT,98921.19,0.00059,SELL,0
1733928243195,SPOT_BTC_USDT,98921.19,0.00126,BUY,0
1733928243195,SPOT_BTC_USDT,98929.3,1.5e-05,BUY,0
1733928243195,SPOT_ETH_USDT,3734.46,0.693,BUY,0
1733928243395,SPOT_BTC_USDT,98921.2,0.00017,BUY,0
1733928243395,SPOT_BTC_USDT,98921.19,5e-05,SELL,0
1733928243395,SPOT_ETH_USDT,3734.46,2.2555,BUY,0
1733928243395,SPOT_WOO_USDT,0.2904,889.6,BUY,0
1733928243595,SPOT_ETH_USDT,3734.49,0.057,SELL,0
1733928243595,SPOT_BTC_USDT,98929.9,0.000101,SELL,0
1733928243995,SPOT_BTC_USDT,98916.17,0.002835,SELL,0
